2468 3347
1211 147 1239 189 6

270 283 446 323 iudicari.
505 281 761 322 Concluditur
789 282 912 331 igitur
939 282 1041 322 liber
1070 283 1118 322 de
1151 283 1433 323 excellentibus
1463 284 1628 325 ducibus
1657 288 1880 325 exterarum
1900 285 2105 325 nationum
2124 289 2167 327 et

269 347 450 387 transitio
468 345 514 386 fit
528 346 577 385 ad
593 346 738 386 librum
750 346 799 386 de
817 347 1100 397 imperatorum
1113 347 1379 388 Romanorum
1390 348 1483 397 vita,
1503 349 1572 399 qui
1589 349 1691 389 liber
1703 349 1836 399 periit.
1875 348 2019 389 Nonne
2040 348 2166 399 igitur

270 411 484 452 verisimile
515 415 588 459 est,
619 422 789 460 carmen,
820 412 926 462 quod
952 412 1129 451 thesauri
1158 413 1374 451 carminum
1402 413 1572 461 primum
1601 417 1699 462 erat,
1729 415 1779 453 ad
1801 414 1946 454 calcem
1959 414 2053 453 libri.
2064 412 2169 453 finiti

270 476 508 525 adscriptum
546 476 666 515 esse?
722 475 823 515 Nam
850 479 993 526 poetae
1022 476 1188 517 Romani
1218 487 1374 517 carmen
1388 506 1398 525 ,
1436 489 1515 527 quo
1544 490 1634 518 eum
1662 478 1934 527 celebrabant,
1972 478 2022 517 ad
2050 486 2167 528 quem

268 541 410 581 librum
439 541 678 588 mittebant,
718 541 883 590 reliquis
911 542 1149 581 carminibus
1178 541 1493 591 praeponebant,
1529 547 1576 582 ut
1603 543 1773 593 primum
1802 547 1909 584 esset
1936 542 2164 583 carminum.

267 605 327 644 Ad
357 616 442 644 eam
470 604 593 654 igitur
621 604 850 645 adducimur
878 606 1134 655 sententiam,
1164 609 1209 645 ut
1237 617 1409 654 carmen,
1439 607 1544 656 quod
1572 610 1663 656 post
1689 607 1809 648 vitam
1838 606 2070 648 Hannibalis
2100 618 2167 648 ex-

266 672 356 716 stat,
393 668 568 708 thesauri
610 670 847 717 carminum,
890 681 990 720 quae
1029 671 1112 709 sive
1152 670 1344 710 Aemilius
1382 670 1535 709 Probus
1579 672 1663 711 sive
1704 673 1805 712 alius
1842 675 1978 712 auctor
2017 672 2165 720 panxit,

267 732 436 781 primum
464 744 551 772 esse
582 744 823 774 censeamus.

460 839 559 880 Nam
599 851 650 880 ne
692 840 875 881 carminis
915 840 1072 890 quidem
1109 843 1309 880 auctorem
1336 839 1458 881 fuisse
1489 841 1707 891 hominem,
1745 843 1812 893 qui
1839 842 1992 884 Probus
2021 853 2165 893 cogno·—

265 905 497 952 minaretur,
531 908 639 945 certo
670 904 994 946 confirmaverim.
1051 905 1134 945 Illis
1164 905 1268 944 enim
1295 906 1476 945 versibus

690 993 731 1031 Si
759 996 874 1041 rogat
902 996 1113 1040 auctorem,
1144 992 1332 1041 paulatim
1360 992 1501 1041 detege
1529 993 1710 1032 nostrum

694 1056 805 1095 Tunc
834 1056 990 1096 domino
1018 1068 1182 1096 nomen:
1210 1067 1273 1095 me
1302 1056 1402 1095 sciat
1430 1067 1517 1095 esse
1536 1057 1702 1106 probum

272 1143 424 1181 autoris
465 1153 608 1180 nomen
649 1143 764 1189 prodi
802 1154 881 1181 non
910 1146 972 1181 est
999 1147 1044 1181 ut
1072 1143 1234 1181 credere
1263 1154 1458 1191 cogamur.
1515 1143 1614 1181 Nam
1642 1147 1784 1190 poetae
1812 1143 1977 1181 Romani
2006 1144 2046 1180 in
2076 1155 2160 1181 car-

264 1205 450 1254 minibus,
482 1216 583 1255 quae
613 1216 685 1245 sua
713 1216 799 1245 esse
829 1204 998 1255 intelligi
1027 1205 1177 1254 volunt,
1207 1204 1306 1245 hanc
1334 1208 1473 1245 tenent
1492 1204 1827 1253 consuetudinem,
1857 1207 1997 1244 utnon
2013 1215 2158 1244 nomen

267 1282 382 1308 suum
417 1270 599 1308 versibus
636 1270 894 1317 admisceant,
936 1270 1006 1308 sed
1041 1280 1083 1308 se
1118 1268 1354 1317 significent.
1411 1269 1523 1315 Quod
1561 1269 1765 1307 obscurius
1795 1269 1956 1307 Ovidius
1976 1270 2000 1318 ¹)
2028 1270 2155 1316 primo

261 1334 434 1375 carmine
472 1333 644 1373 tristium
673 1333 848 1382 apertius
877 1332 1039 1373 Catulus
1067 1332 1163 1373 fecit
1174 1333 1217 1383 2).
1274 1333 1422 1373 Eadem
1457 1332 1610 1373 ratione
1640 1344 1735 1373 usus
1764 1336 1900 1373 auctor
1928 1333 2045 1373 huius
2075 1345 2159 1373 car-

263 1399 379 1437 minis
408 1398 541 1436 verbis
571 1398 714 1436 additis
744 1408 832 1446 „me
861 1397 959 1437 sciat
987 1408 1074 1437 esse
1103 1397 1317 1448 probum,“
1352 1397 1450 1435 nihil
1478 1397 1648 1446 prodere
1677 1397 1858 1445 videtur,
1887 1397 1965 1436 nisi
1994 1408 2037 1436 se
2067 1407 2155 1436 esse

262 1464 430 1512 probum
457 1463 665 1502 hominem.
725 1462 833 1509 Quae
863 1474 983 1512 quum
1010 1464 1066 1502 ita
1094 1463 1174 1502 sint
1201 1463 1399 1510 librarius,
1429 1462 1497 1511 qui
1525 1473 1667 1502 nomen
1689 1462 1923 1502 adiectivum
1939 1472 2156 1511 cognomen

261 1538 348 1568 esse
386 1526 550 1567 stolidus
589 1526 764 1576 putavit,
805 1526 909 1566 idem
937 1537 1081 1567 nomen
1111 1529 1152 1566 et
1180 1525 1240 1567 his
1268 1526 1449 1567 versibus
1480 1529 1517 1566 et
1544 1525 1645 1565 libro
1674 1525 1929 1576 praecedenti
1958 1525 2154 1567 addidisse

259 1592 355 1629 mihi
384 1592 553 1637 videtur,
584 1592 688 1629 unde
718 1590 863 1629 factum
892 1595 964 1638 est,
994 1596 1040 1629 ut
1067 1603 1236 1638 carmen,
1267 1592 1373 1639 quod
1400 1603 1449 1629 ex
1476 1591 1669 1638 principio
1698 1591 1815 1628 unius
1835 1591 1925 1628 libri
1945 1592 1994 1628 ad
2010 1591 2154 1629 calcem

261 1655 425 1696 alterius
463 1654 698 1695 translatum
734 1658 831 1704 erat,
867 1655 942 1696 toti
980 1655 1105 1695 codici
1140 1666 1284 1695 nomen
1314 1654 1482 1695 inderet.
1538 1653 1625 1694 Jam
1654 1665 1753 1704 quae
1783 1657 1947 1694 externa
1974 1658 2066 1695 sunt
2094 1666 2156 1695 ar-

263 1723 450 1768 gumenta
477 1719 791 1768 percensuimus,
821 1730 927 1758 nunc
957 1731 1005 1758 ea
1031 1720 1245 1766 videamus,
1275 1729 1374 1768 quae
1403 1719 1443 1756 in
1472 1718 1573 1756 libro
1602 1718 1749 1767 scripta
1775 1718 1973 1767 leguntur.

371 1827 446 1872 Qui
473 1826 630 1872 librum,
661 1837 737 1875 quo
765 1826 848 1864 vita
869 1824 1144 1864 excellentium
1161 1826 1442 1874 imperatorum
1456 1825 1691 1872 continetur,
1705 1828 2004 1872 recensuerunt,
2020 1825 2154 1864 multis

260 1891 378 1930 rebus
419 1902 519 1940 quae
557 1891 604 1930 ab
642 1893 803 1930 auctore
841 1890 1053 1930 traduntur
1081 1893 1219 1930 contra
1245 1889 1433 1929 historiae
1469 1888 1587 1929 fidem
1614 1889 1769 1938 peccari
1796 1888 2152 1938 reprehenderunt.

258 1954 398 2004 Neque
414 1953 552 2003 negari
569 1956 712 2002 potest,
730 1964 818 1992 esse
835 1964 936 2002 quae
953 1956 1089 1992 auctor
1106 1956 1176 1993 aut
1189 1964 1238 1993 ex
1254 1954 1450 1993 deteriore
1469 1953 1578 1992 fonte
1594 1952 1771 1992 hauserit
1789 1956 1858 1991 aut
1875 1953 2155 1992 immutaverit.

258 2018 336 2057 Sed
365 2018 432 2066 qui
460 2018 688 2066 vituperant
717 2021 929 2065 auctorem,
959 2029 1043 2057 rem
1073 2018 1341 2066 gravissimam
1369 2018 1589 2066 neglexisse
1617 2017 1713 2056 mihi
1740 2017 1937 2064 videntur,
1968 2028 2084 2066 quam
2111 2020 2158 2056 ut

258 2082 524 2122 examinemus
552 2081 721 2131 primum
748 2081 950 2121 videamus
979 2092 1079 2132 quae
1108 2082 1209 2122 ratio
1238 2081 1369 2122 studia
1396 2081 1618 2121 litterarum
1645 2081 1901 2131 promovendi
1932 2079 2056 2120 fuerit
2083 2080 2153 2120 illo

256 2151 457 2195 tempore,
496 2158 572 2195 quo
603 2146 810 2185 Cornelius
839 2146 973 2195 Nepos
1012 2146 1166 2195 floruit,
1205 2147 1346 2186 deinde
1384 2158 1501 2195 quem
1529 2147 1707 2185 homines
1736 2146 1920 2195 aequales
1948 2145 2068 2184 finem
2097 2146 2157 2184 hi-

258 2211 403 2251 storiae
443 2222 530 2251 esse
560 2210 839 2259 iudicaverint,
880 2210 1051 2260 denique
1081 2222 1197 2261 quem
1225 2211 1353 2251 locum
1383 2214 1423 2251 et
1452 2213 1568 2250 autor
1596 2209 1708 2258 libri,
1746 2210 1794 2249 de
1824 2221 1900 2259 quo
1929 2209 2155 2259 quaerimus

259 2279 300 2314 et
328 2276 412 2325 ipse
443 2275 649 2314 Cornelius
678 2275 810 2324 Nepos
840 2275 1069 2315 obtinuerit.

452 2382 581 2430 Atque
611 2381 818 2420 Cornelius
846 2382 980 2430 Nepos
1008 2382 1148 2421 intima
1174 2382 1439 2421 familiaritate
1468 2391 1564 2419 usus
1594 2383 1655 2418 est
1683 2383 1724 2419 et
1742 2380 1795 2418 M.
1814 2381 1931 2420 Tullii
1950 2380 2150 2420 Ciceronis

256 2448 297 2485 et
326 2444 370 2492 Q.
400 2444 550 2485 Valerii
579 2444 720 2485 Catulli
760 2449 800 2486 et
828 2446 876 2485 ab
905 2449 1075 2496 utroque
1103 2446 1235 2496 magni
1262 2444 1552 2485 aestimabatur.
1610 2443 1687 2484 Sed
1715 2444 1768 2484 M.
1799 2444 1842 2485 T.
1873 2444 2009 2486 Cicero
2040 2444 2154 2494 prin-

255 2520 349 2558 ceps
390 2510 593 2548 doctorum
629 2510 803 2549 virorum
841 2509 937 2557 fuit,
977 2510 1044 2559 qui
1084 2510 1126 2548 in
1155 2510 1333 2549 oratione
1374 2509 1567 2548 rationem
1596 2509 1798 2559 eleganter
1826 2510 1982 2549 dicendi
2011 2520 2152 2559 seque-

254 2578 409 2613 rentur.
457 2574 517 2612 De
547 2586 623 2623 quo
644 2574 758 2623 plura
780 2574 924 2622 dicere,
957 2575 1219 2624 supersedere
1238 2585 1410 2623 possum,
1440 2577 1645 2623 postquam
1667 2573 1947 2614 Mommsenius
1965 2574 1994 2625 ³)
2026 2585 2154 2623 nuper

254 2649 349 2676 vere
389 2641 431 2677 et
465 2637 642 2686 perfecte
680 2638 833 2685 docuit,
871 2650 986 2687 quem
1015 2650 1188 2677 summus
1217 2638 1283 2676 ille
1312 2638 1575 2678 Romanorum
1603 2643 1736 2678 orat-or
1763 2639 1892 2679 locum
1922 2638 2152 2678 obtinuerit.

405 2813 410 2818 ,
436 2779 459 2819 ¹)
484 2776 579 2810 Ovid.
603 2777 690 2809 trist.
716 2777 740 2808 I.
769 2777 797 2817 1,
822 2778 863 2809 59
886 2779 919 2808 et
943 2780 1005 2808 cet.

433 2832 459 2871 ²)
485 2832 625 2863 Carmen
650 2831 702 2870 61,
730 2831 766 2862 11
793 2833 826 2862 et
849 2833 912 2862 cet.

430 2886 456 2926 ³)
480 2885 519 2916 R.
543 2885 582 2918 G.
606 2885 668 2916 III.
694 2885 768 2916 535.
