2468 3347
1201 193 1257 234 10

275 339 324 366 ex
355 326 576 375 praeceptis
605 326 700 365 artis
729 325 949 365 rhetoricae
979 326 1027 364 de
1057 338 1202 375 genere
1233 328 1538 366 demonstrativo
1570 339 1627 374 ea,
1660 339 1762 375 quae
1791 327 1934 376 reliqui
1956 328 2170 376 scriptores

275 391 390 430 aliter
431 388 658 429 referebant
693 393 762 429 aut
790 389 966 429 omisisse
995 392 1065 430 aut
1091 390 1329 430 immutasse.
1387 389 1464 430 Sed
1492 393 1537 430 ut
1565 390 1798 439 indicamus,
1841 402 1918 441 qua
1945 391 2098 431 ratione
2128 393 2169 433 id

275 455 419 494 factum
456 465 542 493 esse
583 454 871 502 existimemus,
916 465 1112 494 sumamus
1148 455 1266 494 unius
1301 455 1463 494 alicuius
1493 456 1741 504 imperatoris
1770 456 1890 494 vitam
1931 460 1973 494 et
2008 457 2166 505 singula

277 518 550 568 disquiramus.

465 614 594 663 Atque
625 614 673 652 de
703 625 849 662 genere
865 613 1135 653 Themistoclis
1152 613 1377 653 Herodotus
1406 614 1504 652 nihil
1519 614 1683 654 tradidit
1693 614 1769 654 nisi
1783 614 1898 664 quod,
1923 625 2012 652 eum
2025 613 2163 653 Neocli

273 676 396 715 filium
439 677 677 726 appellatum
720 687 807 715 esse
853 677 1001 716 retulit.
1065 677 1172 724 Quae
1215 677 1357 726 reliqui
1395 677 1620 726 scriptores
1664 678 1873 717 memoriae
1910 677 2168 726 prodiderint,

276 741 390 780 initio
420 741 523 780 vitae
552 740 837 789 Themistoclis,
868 753 982 790 quam
1009 740 1241 780 Plutarchus
1269 741 1438 790 scripsit,
1469 741 1632 781 collecta
1659 742 1836 792 legimus,
1866 740 2168 780 ubi'l'hemisto-

273 804 372 844 clem
400 808 514 854 patre
543 805 690 845 Neocle
719 816 798 844 non
828 805 1033 844 admodum
1061 804 1206 844 illustri
1234 804 1336 853 viro,
1374 808 1499 844 matre
1528 805 1729 845 Abrotano
1758 805 1839 845 sive
1868 805 2070 853 Euterpe,
2111 804 2169 855 ig—

272 869 395 907 nobili
442 869 627 916 muliere,
676 880 791 921 usum
838 880 924 907 esse
971 869 1172 915 docemur,
1219 880 1319 917 quae
1358 872 1426 907 aut
1464 869 1627 908 Thracia
1673 873 1742 908 aut
1781 868 2054 907 Halicarnasso
2101 872 2169 908 aut

272 933 349 972 alia
377 932 514 973 Cariae
543 934 642 973 urbe
673 933 840 973 oriunda
867 932 954 971 fuit.
1011 933 1159 972 Auctor
1186 932 1276 972 libri
1306 933 1354 972 de
1384 945 1460 983 quo
1491 933 1713 983 quaerimus
1742 931 1856 973 finxit
1884 936 2035 983 patrem
2064 931 2165 972 The-

272 997 461 1035 mistoclis
501 997 688 1036 Neoclem
728 1008 1034 1045 generosum
1072 996 1218 1043 fuisse3
1265 1008 1354 1035 eum
1392 1009 1554 1036 uxorem
1592 997 2007 1035 Halicarnasiam
2043 996 2167 1035 civem

272 1062 453 1109 duxisse,
497 1073 545 1100 ex
582 1072 659 1110 qua
695 1063 831 1099 natum
869 1072 955 1100 esse
992 1059 1304 1100 Themistoclem.
1361 1061 1482 1109 Ecce,
1523 1072 1599 1110 qua
1634 1060 1769 1100 subtili
1797 1061 1950 1100 ratione
1981 1060 2158 1109 elegerit,

271 1129 438 1164 matrem
466 1136 596 1174 neque
625 1124 835 1164 Thressam
862 1125 1086 1172 nominans,
1115 1136 1166 1164 116
1196 1125 1479 1174 ignobilitatem
1507 1125 1695 1173 proderet
1723 1136 1851 1174 neque
1881 1123 2074 1172 Caricam,
2116 1134 2166 1162 ne

271 1189 338 1227 illa
365 1196 443 1235 τρία
467 1192 588 1224 κάππα
611 1191 756 1225 κάκιστα
792 1188 1036 1228 subaudires.
1093 1189 1245 1228 Deinde
1273 1189 1380 1227 illam
1408 1187 1578 1227 fabulam
1606 1192 1742 1227 narrat
1770 1187 2067 1227 Themistoclem
2097 1198 2163 1225 ex-

271 1242 562 1291 haereditatum
597 1262 705 1299 esse,
741 1255 786 1290 u't
821 1251 984 1290 consilia
1010 1252 1179 1301 primum
1207 1252 1348 1291 deinde
1378 1255 1464 1291 acta
1490 1255 1629 1300 postea
1658 1254 1822 1290 eventus
1852 1251 2103 1290 declarentur
2119 1250 2158 1299 ¹).

272 1317 413 1366 Neque
451 1316 652 1365 putaveris
693 1315 789 1354 vitia
826 1316 894 1354 1113
927 1316 1100 1356 ineuntis
1138 1316 1279 1355 aetatis
1313 1315 1564 1355 Themistocli
1603 1316 1706 1364 apud
1745 1316 1940 1354 Romanos
1979 1314 2164 1353 dedecori

276 1380 412 1429 fuisse,
443 1391 533 1419 nam
561 1380 637 1429 ipsi
666 1379 870 1419 clarissimi
898 1380 1161 1419 Romanorum
1188 1379 1365 1420 homines
1393 1380 1488 1419 luxu
1506 1379 1725 1428 perdebant
1743 1378 2063 1435 adolescentiam,
2094 1378 2165 1417 8611

273 1449 412 1495 postea
440 1445 523 1483 sive
554 1456 647 1483 casu
676 1444 758 1483 sive
787 1444 950 1484 meliore
979 1447 1121 1484 natura
1148 1444 1298 1484 incitati
1326 1444 1485 1484 virtutis
1514 1444 1578 1483 via
1606 1444 1886 1493 grassabantur
1901 1444 1949 1483 ad
1964 1446 2165 1483 aeternam

274 1509 437 1559 gloriam
449 1511 492 1558 ²).
548 1508 600 1547 Et
627 1508 668 1547 id
695 1508 824 1557 ipsum
853 1511 989 1548 auctor
1016 1509 1120 1548 vitae
1140 1508 1390 1548 Themistocli
1417 1520 1580 1558 magnae
1610 1508 1716 1547 laudi
1745 1508 1829 1548 fore
1848 1508 2047 1557 putavisse
2066 1507 2163 1546 mihi

273 1574 444 1619 videtur,
476 1584 562 1611 cum
592 1576 916 1621 cognosceretur,
955 1584 1071 1621 quem
1099 1573 1268 1621 optimus
1296 1574 1461 1622 quisque
1489 1573 1753 1612 Romanorum
1782 1573 1886 1611 vitae
1916 1583 2073 1611 cursum
2100 1574 2161 1610 16-

271 1640 399 1684 116161,
436 1636 605 1675 eundem
641 1635 752 1675 illum
788 1639 966 1675 secutum
995 1647 1096 1676 esse.
1157 1636 1256 1675 Tum
1292 1647 1392 1687 quae
1427 1636 1639 1676 laudabilia
1667 1637 1771 1686 apud
1806 1636 2071 1686 Thucydidem
2111 1635 2160 1674 de

272 1701 531 1751 Themistocle
561 1700 770 1749 leguntur,
799 1704 936 1739 noster
965 1712 1121 1750 quoque
1150 1704 1287 1740 auctor
1314 1700 1488 1740 tradidit.
1544 1701 1639 1739 Inde
1669 1712 1769 1750 quae
1798 1704 2030 1749 sequuntur,
2061 1698 2162 1738 The—

272 1765 486 1804 mistoclem
513 1764 824 1804 Atheniensibus
852 1763 1111 1813 persuasisse,
1140 1767 1186 1803 ut
1213 1776 1261 1804 ea
1287 1765 1465 1814 pecunia,
1495 1776 1595 1814 quae
1624 1765 1832 1813 quotannis
1862 1764 2010 1803 civibus
2032 1764 2163 1802 distri-

273 1829 488 1875 buebatur,
528 1828 663 1867 classis
698 1831 856 1867 centum
890 1828 1047 1867 navium
1075 1827 1368 1876 aedificaretur,
1399 1829 1516 1868 etiam
1545 1840 1567 1867 a
1594 1828 1803 1868 Plutarcho
1833 1832 1874 1867 61
1901 1828 1989 1867 31118
2017 1827 2163 1867 11311113

276 1896 384 1932 811111.
442 1892 519 1932 Sed
549 1895 686 1932 auctor
714 1895 851 1931 noster
878 1902 957 1930 non
970 1891 1173 1941 Aeginetis
1202 1892 1347 1932 bellum
1374 1892 1525 1932 illatum
1554 1903 1640 1932 esse
1670 1893 1717 1932 ab
1746 1891 2052 1932 Atheniensibus
2080 1902 2161 1930 1116-

273 1957 420 1995 moriae
437 1956 612 2005 prodidit
630 1956 701 1995 sed
714 1955 950 2006 Corcyraeos
967 1959 1008 1995 et
1020 1956 1234 1996 maritimos
1250 1957 1469 2005 praedones
1485 1968 1509 1995 a
1527 1956 1786 1996 Themistocle
1805 1956 1928 1995 victos
1945 1967 2031 1995 esse
2046 1955 2165 1994 adicit

273 2021 476 2069 augendae
506 2020 654 2070 gloriae
684 2031 811 2068 causa,
842 2020 971 2068 credo,
1001 2020 1094 2069 quia
1122 2019 1328 2070 Corcyraei
1350 2020 1417 2060 illo
1435 2024 1611 2069 tempore
1632 2020 1844 2070 plurimum
1862 2020 1969 2060 inter
1988 2019 2164 2059 Graecos

275 2085 374 2123 mari
398 2084 592 2133 valebant,
619 2088 659 2124 61
677 2095 818 2134 magno
841 2083 899 2122 illi
911 2083 1098 2133 Pompeio
1111 2083 1328 2124 simillimus
1341 2084 1547 2124 videbatur
1564 2084 1610 2133 is,
1635 2085 1702 2134 qui
1713 2084 1928 2124 maritimos
1940 2084 2160 2133 praedones

274 2150 536 2188 consectando
564 2160 673 2187 mare
701 2152 831 2187 tutum
858 2148 1107 2188 reddidisset.
1163 2148 1271 2188 Idem
1299 2149 1467 2198 scripsit,
1497 2153 1542 2188 ut
1555 2148 1834 2188 Themistocles
1852 2149 1974 2197 magis
1988 2148 2162 2187 illustra-

273 2217 398 2262 retur,
432 2225 521 2253 eum
550 2213 676 2253 solum
704 2212 906 2252 oraculum
933 2212 990 2252 ita
1017 2211 1320 2262 interpretatum
1333 2224 1433 2261 esse,
1462 2216 1543 2252 uta
1558 2213 1631 2252 deo
1646 2223 1766 2252 naves
1781 2211 1995 2262 significari
2009 2223 2165 2251 murum

272 2278 456 2327 ligneum,
482 2277 643 2317 diceret.
701 2277 800 2316 Tum
834 2287 1006 2326 pugnam
1044 2276 1150 2316 illam
1187 2277 1427 2327 singularem
1464 2277 1568 2326 apud
1602 2276 1881 2326 Thermopylas
1918 2276 2162 2325 paucissimis

273 2342 404 2381 verbis
433 2342 489 2381 ita
517 2341 705 2389 narravit,
735 2345 781 2380 ut
794 2340 1063 2381 Themistoclis
1092 2342 1305 2390 prudentia
1317 2342 1439 2391 magis
1455 2341 1574 2380 etiam
1589 2340 1775 2380 eluceret.
1816 2340 2044 2393 Sequuntur
2062 2353 2163 2391 quae

275 2407 379 2454 apud
409 2406 663 2445 Artemisium
698 2409 811 2455 gesta
838 2409 941 2445 sunt.
998 2405 1074 2445 Hic
1102 2417 1222 2455 quum
1250 2405 1530 2445 Themistocles
1557 2405 1687 2444 minus
1715 2416 1951 2455 generosum
1978 2417 2021 2445 86
2050 2417 2164 2455 prae-

276 2469 464 2515 stitisset,
505 2470 572 2517 qui
601 2469 778 2518 quidem,
808 2469 842 2507 si
870 2469 1073 2508 Herodoto
1088 2470 1118 2517 ³)
1156 2469 1273 2508 fidem
1300 2468 1488 2507 habemus
1516 2468 1683 2516 pecunia
1710 2472 1918 2517 corruptus
1946 2469 2162 2517 Eurybiadi

273 2533 461 2573 lucellum
489 2534 635 2581 partito
663 2533 861 2582 persuasit
888 2545 939 2573 ne
968 2533 1131 2573 classem
1160 2533 1383 2581 reduceret,
1412 2535 1526 2572 autor
1554 2535 1688 2573 noster
1708 2545 1787 2573 non
1808 2545 1887 2574 uno
1907 2533 2021 2574 modo
2039 2536 2164 2573 artem

274 2596 514 2637 rhetoricam
550 2600 710 2636 secutus
746 2600 825 2645 est,
866 2607 966 2647 quae
1002 2608 1082 2635 non
1117 2596 1254 2644 modo,
1296 2596 1400 2646 quod
1428 2596 1549 2645 obsit,
1590 2597 1660 2636 sed
1678 2596 1806 2637 etiam
1833 2597 1874 2637 id
1902 2598 2006 2648 quod
2034 2608 2163 2647 neque

275 2663 377 2700 obsit
413 2673 544 2710 neque
573 2663 699 2709 prosit
726 2663 848 2700 satius
878 2674 965 2701 esse
994 2663 1213 2710 praeterire
1243 2663 1368 2701 docet.
1424 2662 1635 2702 Victoriam
1663 2676 1757 2703 vero
1786 2663 1892 2703 illam
1921 2664 2025 2712 apud
2053 2662 2161 2702 Sala·

409 2811 522 2851 ¹)‘Cic.
546 2809 588 2842 116
612 2819 659 2842 01.
683 2809 726 2841 11.
754 2810 804 2848 15,
829 2810 879 2840 63.

407 2865 433 2905 ²)
457 2865 530 2897 Vai.
553 2865 642 2898 Max.
665 2864 722 2897 VI.
747 2864 863 2896 9—11.

403 2918 428 2954 ³)
454 2917 532 2949 Her.
556 2917 649 2949 vm.
674 2918 695 2947 4
