2468 3347
470 785 602 835 Liber,
632 785 699 836 qui
726 784 955 827 inscribitur
983 785 1032 826 de
1061 784 1344 826 excellentibus
1373 784 1535 826 ducibus
1564 787 1788 825 exterarum
1810 783 2027 834 nationum,
2055 795 2163 836 mag-

276 860 370 889 num
400 852 597 888 certamen
624 849 731 887 inter
759 860 825 888 eos
852 850 993 897 movit,
1024 850 1091 898 qui
1110 850 1241 888 studia
1261 850 1505 898 antiquitatis
1525 849 1693 897 amplexi
1711 852 1817 897 sunt,
1846 860 1966 898 quum
1984 850 2053 887 alii
2072 860 2164 888 eum

275 913 419 964 operis,
449 913 553 964 quod
581 912 784 955 Cornelius
803 912 936 964 Nepos
964 913 1142 963 pluribus
1168 912 1279 955 libris
1298 912 1562 964 composuisse
1585 911 1768 962 traditur,
1789 916 1944 964 partem
1962 924 2050 955 esse
2069 924 2163 955 con-

274 977 501 1028 tenderent,
531 977 598 1017 alii
625 978 738 1027 vitas,
768 989 868 1029 quae
897 980 1110 1027 exstarent,
1140 978 1337 1028 epitomen
1364 978 1533 1026 illarum,
1563 988 1659 1028 quas
1677 977 1884 1018 Cornelius
1902 977 2037 1027 Nepos
2060 988 2162 1018 com-

273 1048 473 1091 posuerat,
503 1055 591 1082 esse
620 1044 808 1090 dicerent,
838 1044 906 1082 alii
934 1044 1104 1091 denique
1131 1044 1340 1082 Aemilium
1366 1043 1539 1081 Probum
1564 1043 1628 1081 vel
1657 1042 1777 1081 alium
1803 1043 2026 1091 quempiam
2053 1043 2163 1082 liter—

274 1108 383 1147 atum
410 1105 566 1147 saeculo
596 1109 735 1157 quarto
763 1118 802 1157 p.
832 1105 900 1147 Ch.
929 1105 999 1146 has
1028 1105 1128 1146 vitas
1156 1105 1359 1157 scripsisse
1387 1108 1586 1156 putarent.
1643 1104 1700 1144 Ac
1727 1104 1762 1145 si
1789 1108 2031 1157 argumenta,
2061 1116 2162 1156 quae

274 1171 506 1218 attulerunt,
537 1172 833 1219 examinaveris,
861 1182 1008 1220 negare
1044 1183 1124 1209 non
1162 1171 1325 1218 poteris,
1353 1182 1532 1218 magnam
1569 1170 1853 1209 dubitationem
1890 1171 1960 1209 illa
1996 1171 2159 1219 inicere,

272 1233 385 1276 cuius
413 1234 563 1277 autoris
590 1234 658 1276 ille
688 1234 790 1277 liber
817 1234 881 1277 sit.
937 1234 1076 1286 Neque
1103 1237 1236 1276 tamen
1265 1246 1314 1275 ex
1340 1233 1520 1275 omnibus
1556 1233 1735 1285 partibus
1771 1244 1837 1275 res
1878 1236 2049 1276 tractata
2087 1237 2160 1276 est.

272 1298 400 1345 Quum
427 1300 549 1348 igitur
577 1300 665 1339 illas
692 1301 793 1338 vitas
816 1311 904 1338 cum
931 1300 1132 1347 discipulis
1153 1303 1326 1338 tractans
1361 1301 1563 1348 quaedam,
1594 1310 1695 1348 quae
1714 1300 1764 1337 ad
1790 1310 1876 1338 rem
1898 1300 2159 1348 pertinerent,

275 1362 599 1402 animadvertisse
614 1363 710 1401 mihi
726 1363 898 1411 viderer,
918 1363 1143 1411 conscripsi,
1173 1373 1273 1411 quae
1302 1363 1351 1402 de
1380 1374 1428 1401 ea
1447 1374 1491 1401 re
1510 1362 1740 1410 sentiebam,
1769 1366 1815 1402 ut
1830 1362 1916 1410 tibi,
1946 1363 2161 1403 clarissime

274 1429 392 1476 atque
421 1426 643 1467 doctissime
671 1426 744 1475 vir,
775 1426 837 1467 cui
867 1426 1086 1467 scholarum
1099 1425 1327 1467 constitutio
1344 1436 1418 1476 per
1431 1428 1554 1466 totam
1574 1425 1695 1466 vitam
1711 1425 1901 1466 maximae
1922 1437 2041 1466 curae
2060 1430 2159 1475 erat,

271 1489 335 1529 die
364 1489 478 1539 festo,
508 1502 585 1539 quo
614 1494 705 1529 ante
729 1491 799 1529 hos
824 1491 1108 1540 quinquaginta
1127 1502 1251 1530 annos
1266 1490 1470 1530 doctorum
1491 1491 1666 1529 virorum
1683 1490 1795 1539 gregi
1813 1501 1964 1530 summo
1986 1502 2074 1530 cum
2092 1491 2162 1529 ho-

272 1565 370 1594 nore
393 1555 612 1604 adscriptus
638 1566 693 1602 es,
723 1555 1119 1605 quantulumcumque
1140 1555 1299 1604 pietatis
1322 1555 1596 1595 documentum
1623 1567 1673 1595 ex
1699 1555 1797 1605 ipsis
1822 1554 2043 1595 scholarum
2069 1555 2162 1596 sub-

272 1618 395 1657 selliis
424 1618 618 1657 offerrem.
649 1640 699 1646 —

465 1703 718 1752 Argumenta,
748 1703 889 1752 quibus
916 1702 958 1750 ii,
988 1702 1056 1752 qui
1082 1702 1226 1741 librum
1254 1703 1302 1741 de
1332 1702 1612 1742 excellentibus
1633 1702 1796 1742 ducibus
1819 1705 2045 1741 exterarum
2066 1714 2162 1752 gen-

270 1766 369 1806 tium
383 1765 565 1807 Cornelio
579 1766 725 1817 Nepoti
753 1766 988 1815 abiudicant,
1019 1778 1128 1807 suam
1156 1767 1392 1807 sententiam
1413 1765 1610 1807 affirmare
1631 1767 1805 1816 student,
1834 1766 1979 1817 partim
1997 1769 2162 1807 externa

270 1834 375 1880 sunt,
394 1830 537 1881 partim
554 1842 602 1871 ex
621 1831 669 1870 iis
685 1834 824 1880 sumta,
848 1842 948 1880 quae
965 1831 1007 1870 in
1027 1830 1127 1870 libro
1147 1830 1295 1880 scripta
1310 1831 1509 1881 leguntur.
1531 1830 1739 1871 Ordiamur
1756 1831 1878 1881 igitur
1895 1831 1944 1872 ab
1965 1831 2029 1880 iis,
2049 1831 2161 1871 testi—

268 1895 424 1943 moniis,
443 1896 478 1935 si
492 1895 633 1945 placet,
653 1907 753 1945 quae
770 1907 849 1934 non
869 1895 916 1934 ab
936 1895 1023 1944 ipso
1045 1897 1204 1934 auctore
1226 1898 1445 1934 sumuntur.
1475 1896 1604 1945 Atque
1622 1896 1791 1945 primum
1807 1895 1995 1943 codicum,
2012 1895 2156 1945 quibus

269 1959 375 1998 vitae
406 1958 681 1998 excellentium
709 1959 850 1998 ducum
878 1958 1153 2007 continentur,
1191 1959 1291 1998 ratio
1326 1958 1506 1999 habenda
1545 1962 1617 1998 est.
1673 1959 1861 2009 Magnum
1902 1959 2008 1999 enim
2046 1959 2158 1999 testi-

273 2023 448 2063 monium
476 2023 628 2062 codices
656 2022 878 2072 perhibent,
908 2022 976 2072 qui
1003 2022 1104 2062 vitas
1132 2022 1253 2062 Attici
1290 2026 1331 2062 et
1358 2022 1516 2062 Catonis
1547 2022 1720 2080 Cornelii
1748 2023 1913 2072 Nepotis
1952 2034 2039 2063 esse
2076 2022 2163 2063 fere

272 2099 353 2127 uno
393 2099 588 2128 consensu
623 2090 839 2135 testantur,
880 2086 1042 2136 reliquis
1079 2086 1171 2126 vitis
1208 2087 1365 2127 Aemilii
1391 2087 1510 2127 Probi
1550 2099 1694 2127 nomen
1732 2087 1964 2137 inscriptum
2001 2087 2161 2128 habent.

275 2151 390 2192 Unde
419 2151 564 2192 factum
593 2154 665 2200 est,
695 2155 740 2191 ut
768 2151 835 2202 qui
864 2151 913 2190 de
942 2153 1101 2190 auctore
1129 2151 1220 2191 libri
1248 2151 1513 2201 disputabant,
1544 2152 1593 2192 de
1608 2152 1728 2191 Attici
1758 2155 1799 2191 et
1817 2151 1975 2192 Catonis
1991 2152 2162 2192 vitarum

270 2220 431 2257 auctore
460 2217 742 2265 consentirent,
773 2217 821 2255 de
849 2216 1014 2266 reliquis
1042 2227 1121 2255 non
1149 2216 1257 2255 item.
1300 2216 1379 2256 Res
1399 2216 1473 2256 hoc
1492 2217 1607 2256 modo
1625 2228 1669 2256 se
1689 2216 1820 2256 habet.
1864 2217 1911 2256 In
1930 2217 2161 2257 melioribus

270 2281 468 2321 codicibus
496 2278 593 2320 h'aec
621 2284 683 2320 est
709 2280 938 2330 inscriptio:
967 2280 1156 2320 Aemilius
1184 2281 1335 2321 Probus
1364 2282 1413 2320 de
1442 2281 1723 2321 excellentibus
1750 2281 1914 2321 ducibus
1937 2285 2163 2321 exterarum

269 2345 447 2395 gentium
473 2345 537 2384 vel
564 2344 642 2384 alia
669 2356 781 2394 quae,
811 2356 1042 2395 quamquam
1069 2345 1201 2394 paullo
1230 2345 1277 2385 ab
1307 2345 1375 2384 illa
1393 2344 1536 2393 differt,
1557 2348 1688 2384 tamen
1704 2345 1861 2384 Aemilii
1877 2345 1999 2384 Probi
2016 2356 2161 2385 nomen

274 2414 417 2449 servat.
473 2410 552 2449 Sed
578 2409 674 2448 mihi
702 2410 902 2459 cogitanti,
938 2410 1048 2449 cuius
1079 2409 1227 2449 autoris
1255 2410 1357 2449 liber
1385 2413 1502 2456 esset,
1531 2420 1672 2459 magna
1699 2409 1891 2449 dubitatio
1921 2409 1970 2449 de
1998 2409 2071 2449 hac
2097 2410 2159 2449 in·

271 2475 486 2525 scriptione
515 2474 660 2514 iniecta
695 2477 768 2514 est.
825 2474 994 2529 Veteres
1033 2474 1138 2514 enim
1173 2474 1407 2524 scriptores,
1447 2474 1515 2524 qui
1552 2474 1600 2514 de
1629 2473 1803 2514 Cornelii
1830 2473 1997 2525 Nepotis
2037 2486 2160 2525 opere

268 2539 521 2579 mentionem.
535 2538 726 2587 fecerunt,
757 2550 848 2579 eum
874 2539 1009 2589 plures
1036 2539 1158 2579 libros
1185 2539 1349 2578 vitaram
1376 2539 1669 2588 praeclarorum
1695 2539 1871 2579 virorum
1890 2541 2155 2589 composuisse

268 2603 531 2643 tradiderunt.
586 2603 716 2652 Ipsius
745 2607 878 2643 autem
904 2603 1105 2653 prooemii,
1146 2604 1251 2654 quod
1287 2607 1446 2651 vocant,
1487 2600 1663 2643 extrema
1689 2603 1810 2643 verba
1844 2603 2038 2652 indicant,
2076 2615 2158 2644 non

269 2668 501 2715 prooemium
528 2671 682 2707 exstare
704 2669 775 2707 sed
795 2667 915 2708 finem
932 2668 1035 2707 libri.
1066 2669 1167 2716 Quid
1185 2669 1313 2708 enim?
1341 2679 1473 2707 nonne
1492 2669 1616 2707 verba
1631 2679 1731 2718 quae
1747 2668 1828 2707 illic
1845 2668 2052 2718 leguntur:
2081 2668 2160 2708 Sed

267 2730 331 2769 hic
358 2732 474 2780 plura
492 2733 676 2782 persequi
695 2733 924 2783 magnitudo
941 2733 1150 2773 voluminis
1168 2733 1363 2783 prohibet,
1393 2733 1433 2771 in
1452 2732 1532 2772 fine
1549 2733 1641 2771 libri
1662 2732 1844 2772 collocari
1867 2733 2009 2781 solent,
2038 2744 2160 2783 quum

268 2794 454 2845 deinceps
483 2797 534 2837 ad
561 2797 728 2838 alterum
755 2800 893 2839 auctor
922 2798 1162 2838 transiturus
1184 2802 1256 2838 est.
1307 2797 1497 2847 Exempla
1514 2807 1746 2837 enumerare
1769 2796 1930 2847 longum
1949 2800 2011 2837 est
2027 2808 2159 2847 neque

267 2861 544 2899 necessarium.
601 2862 803 2912 Nusquam
831 2873 925 2902 vero
953 2863 1185 2912 prooemium
1212 2862 1394 2901 volumen
1423 2861 1662 2911 appellatur,
1698 2862 1804 2901 unde
1841 2862 2043 2911 sequitur,
2085 2862 2163 2901 hoc

1843 2927 1863 2964 1
1877 2924 1898 2947 *
