2468 3347
1098 197 1125 238 9

888 342 1006 370 ausus
1036 342 1078 371 es
1105 343 1207 370 unus
1235 330 1422 370 Italorum

692 393 817 433 Omne
845 405 984 433 aevum
1010 395 1137 433 tribus
1165 394 1359 443 explicare
1388 394 1544 442 chartis,

693 458 864 498 Doctis
891 458 1077 508 Juppiter
1104 462 1146 498 et
1171 458 1399 505 laboriosis3

173 539 214 576 et
241 536 378 584 Nepos
406 534 491 584 ipse
519 533 626 573 illam
654 533 870 573 doctrinam
898 532 1100 584 efflagitat,
1130 533 1196 583 qui
1224 533 1371 573 iudicat
1397 533 1439 572 in
1467 532 1627 572 Catonis
1655 532 1873 582 originibus
1892 532 2054 572 multam

170 598 403 639 industriam
438 602 479 638 et
517 597 758 647 diligentiam
796 599 1059 648 comparuisse
1095 598 1242 637 nullam
1278 597 1476 637 doctrin
1488 608 1569 636 am.
1626 597 1711 644 Qua
1737 597 1890 637 ratione
1919 597 2053 647 Nepos

171 663 292 704 vitam
319 661 532 702 illustrium
558 662 732 701 virorum
760 663 1033 712 composuerit,
1061 662 1193 703 nullus
1212 661 1534 710 Gramaticorum,
1564 661 1632 711 qui
1646 664 1813 710 exstant,
1841 662 2052 702 memoriae

169 727 353 777 prodidit.
410 726 487 766 Sed
506 725 657 766 Gellius
678 727 702 778 ¹)
730 727 892 767 tradidit
906 727 1129 767 Cornelium
1142 726 1336 777 Nepotem
1355 737 1521 775 errasse,
1552 726 1693 766 cumin
1708 726 1898 766 librorum
1912 726 2052 774 primo,

172 802 269 841 quos
299 791 347 830 de
376 790 457 830 vita
484 789 683 830 Ciceronis
711 796 974 841 componeret,
1003 792 1231 832 Ciceronem
1258 794 1340 830 tres
1369 794 1410 830 et
1436 791 1576 840 viginti
1598 801 1722 829 annos
1735 794 1870 829 natum
1884 790 2053 839 primum

171 866 327 895 causam
361 855 496 894 iudicii
522 854 669 904 publici
689 851 831 905 'egisse
859 856 1097 906 Sextumque
1124 855 1307 895 Roscium
1334 855 1536 904 parricidii
1563 866 1675 894 reum
1704 853 1929 894 defendisse
1956 855 2051 894 scri-

167 920 293 959 beret.
348 918 401 957 Et
429 918 604 958 defendit
632 930 721 959 eum
749 919 821 959 hoc
840 923 974 969 pacto:
1003 920 1170 969 Magnus
1190 949 1199 959 .
1215 950 1223 958 .
1238 949 1248 958 .
1268 919 1433 968 Nepotis
1453 949 1486 957 ..
1504 949 1513 957 .
1533 930 1645 958 error
1664 922 1737 967 est,
1767 918 1845 957 nisi
1865 918 1953 968 quis
1966 918 2053 958 vult

168 983 209 1021 in
238 981 409 1020 animum
437 982 641 1030 inducere,
680 982 928 1032 Nepotem
965 982 1136 1022 studio
1171 983 1355 1022 amoris
1395 986 1445 1021 et
1480 982 1735 1022 amicitiae
1771 983 2051 1021 adductum

168 1044 565 1094 amplificandae
594 1046 950 1086 admirationis
980 1046 1145 1096 gratia
1172 1046 1563 1096 quadriennium
1591 1045 1970 1095 suppressisse,
1999 1048 2053 1084 ut

166 1109 220 1148 M.
251 1108 433 1148 Cicero
468 1110 761 1150 orationem
789 1110 1216 1150 florentissimam
1244 1109 1438 1149 dixisse
1466 1121 1554 1158 pro
1582 1110 1767 1149 Roscio
1797 1109 2051 1149 admodum

166 1172 479 1213 adolescens
507 1174 789 1215 videretur.
846 1174 947 1222 Quid
974 1174 1124 1225 igitur?
1153 1186 1285 1215 nonne
1313 1173 1386 1214 hoc
1413 1174 1498 1213 loco
1523 1173 1674 1213 Gellius
1702 1173 1807 1222 dicit,
1838 1184 1881 1213 se
1909 1176 2052 1222 putare

166 1237 389 1276 Cornelium
429 1238 623 1287 Nepotem
668 1239 845 1279 consulto
885 1238 1083 1279 Ciceronis
1130 1243 1300 1280 aetatem
1341 1239 1530 1279 minuisse
1566 1242 1611 1278 ut
1653 1239 1817 1289 gloriam
1855 1238 2051 1288 augeret?

165 1301 304 1351 Neque
332 1313 426 1341 vero
446 1302 633 1342 credibile
653 1306 724 1351 est,
754 1314 855 1351 eum,
885 1314 972 1342 cum
988 1302 1160 1343 Cornelii
1172 1303 1337 1354 Nepotis
1352 1314 1474 1353 opera
1486 1302 1643 1353 integra
1655 1302 1705 1342 ad
1717 1313 1856 1341 manus
1873 1302 2050 1350 haberet,

164 1366 265 1404 hanc
301 1366 564 1414 suspicionem
599 1370 796 1405 moturum
831 1366 972 1414 fuisse,
1010 1368 1088 1406 nisi
1122 1367 1304 1416 pluribus
1331 1367 1427 1406 locis
1455 1367 1662 1406 veritatem
1690 1367 1817 1405 laudis
1846 1366 2050 1415 augendae

166 1440 282 1469 causa
309 1429 560 1478 depravatam
588 1429 815 1469 invenisset.
873 1430 927 1469 At
954 1430 1091 1470 eadem
1116 1431 1268 1470 ratione
1297 1433 1433 1470 auctor
1460 1431 1564 1469 vitae
1585 1430 1860 1469 excellentium
1882 1430 2051 1479 impera-

164 1496 299 1532 torum
328 1496 551 1532 exterarum
578 1494 754 1543 gentium
781 1505 876 1534 usus
904 1497 984 1543 cst,
1021 1494 1197 1544 quisquis
1225 1494 1312 1534 fuit.
1367 1494 1428 1533 Ex
1454 1494 1676 1544 praeceptis
1704 1494 1862 1543 generis
1891 1494 2051 1533 demon-

165 1557 322 1597 strativi
351 1557 472 1606 elegit
499 1560 541 1596 et
568 1558 616 1597 de
645 1558 786 1608 quibus
813 1559 1120 1608 Imperatoribus
1149 1562 1191 1598 et
1217 1569 1317 1608 quae
1346 1559 1394 1598 de
1422 1558 1588 1608 singulis
1616 1558 1834 1607 scripturus
1863 1561 1980 1598 esset.

357 1642 413 1680 Ac
441 1645 486 1680 ut
513 1642 624 1691 prius
653 1644 918 1682 demonstrem
946 1655 995 1682 ex
1012 1644 1234 1692 praeceptis
1247 1644 1343 1682 artis
1365 1643 1585 1682 rhetoricae
1604 1647 1782 1682 autorem
1798 1634 1978 1692 elegisse,
2001 1645 2051 1683 de

163 1704 303 1755 quibus
332 1705 494 1745 ducibus
515 1706 719 1755 scriberet,
750 1718 798 1747 ex
813 1706 991 1758 reliquiis
1008 1706 1274 1757 praefationis,
1303 1718 1419 1757 quam
1433 1710 1587 1756 vocant,
1606 1710 1758 1747 certum
1776 1710 1848 1756 est,
1878 1706 1980 1756 vitas
2001 1707 2051 1748 ad

161 1769 333 1808 Atticum
360 1770 498 1809 missas
529 1781 639 1818 esse3
669 1782 746 1820 qua
773 1771 822 1810 de
850 1783 968 1811 causa
979 1772 1133 1811 Atticus
1160 1772 1246 1810 vice
1274 1783 1411 1811 eorum
1439 1773 1506 1821 qui
1529 1772 1690 1810 audiant
1710 1770 1900 1820 fungitur.
1945 1772 2048 1818 Quid

162 1834 304 1873 mirum
324 1834 457 1883 igitur,
488 1836 592 1884 quod
615 1839 750 1875 auctor
771 1847 840 1876 eos
859 1835 1003 1885 laudat,
1026 1836 1094 1886 qui
1110 1836 1239 1876 Attico
1260 1836 1362 1886 grati
1384 1840 1510 1884 erant,
1534 1847 1601 1876 eos
1617 1838 1686 1875 aut
1703 1836 1848 1875 omittit
1864 1839 1934 1876 aut
1946 1836 2049 1877 vitu-

161 1901 286 1947 perat,
316 1909 414 1948 quos
433 1898 491 1937 illi
511 1898 717 1938 offensioni
738 1910 824 1939 esse
840 1900 1030 1949 putabat?
1075 1900 1176 1939 Nam
1194 1900 1237 1938 T.
1257 1900 1515 1949 Pomponium
1530 1900 1704 1938 Atticum
1721 1899 2046 1950 Atheniensibus,

162 1963 228 2011 qui
245 1963 282 2001 ei
293 1974 427 2002 omnes
438 1963 619 2011 honores,
636 1974 733 2012 quos
747 1967 942 2012 poterant,
956 1963 1166 2012 habebant,
1184 1965 1289 2003 inter
1300 1964 1471 2004 Graecos
1480 1964 1646 2003 maxime
1658 1963 1799 2003 favisse
1811 1968 1962 2003 certum
1974 1968 2047 2004 est.

162 2025 327 2066 Praeter
356 2030 509 2066 ceteros
537 2026 659 2076 igitur
686 2030 823 2066 auctor
849 2030 986 2067 noster
1014 2028 1139 2068 claros
1166 2028 1254 2068 illos
1282 2028 1544 2068 Athenienses
1573 2028 1830 2077 imperatores
1860 2028 1980 2078 elegit
2008 2032 2050 2068 et

163 2090 344 2129 laudibus
380 2091 546 2130 ornavit.
603 2090 742 2140 Neque
772 2092 952 2141 cuiquam
986 2092 1126 2132 horum
1153 2092 1301 2142 aliquid
1329 2092 1540 2142 opprobrio
1567 2092 1689 2132 vertit
1702 2122 1711 2139 ,
1741 2092 1818 2131 nisi
1846 2091 2047 2140 Phocioni,

160 2155 265 2203 quod
293 2154 378 2193 eius
407 2155 568 2193 consilio
596 2155 884 2194 Demosthenes
919 2166 1007 2194 cum
1035 2156 1195 2205 ceteris,
1224 2156 1291 2205 qui
1317 2157 1419 2196 bene
1449 2157 1497 2195 de
1525 2153 1729 2204 republica
1754 2155 1887 2194 meriti
1915 2156 2049 2194 existi-

164 2218 384 2267 mabantur,
424 2218 657 2268 populiscito
693 2219 734 2258 in
764 2219 923 2259 exilium
957 2223 1071 2259 erant
1103 2220 1277 2269 expulsi3
1317 2220 1422 2270 quod
1453 2219 1593 2259 fecisse
1621 2222 1760 2268 postea
1785 2219 2048 2259 Athenienses

161 2282 371 2332 poenituit.
427 2283 801 2322 Lacedemoniorum
829 2286 977 2331 contra,
1007 2284 1076 2333 qui
1094 2284 1401 2323 Atheniensibus
1429 2283 1751 2330 adversabantur,
1780 2287 1864 2322 tres
1893 2283 2047 2332 selegit,

165 2358 214 2387 ex
254 2347 395 2397 quibus
423 2347 644 2397 Lysander,
683 2347 751 2397 qui
777 2346 953 2389 Athenas
989 2351 1305 2399 oppugnaverat,
1346 2347 1480 2398 inique
1507 2348 1767 2396 vituperatur.
1824 2346 1899 2393 Qui
1928 2347 2048 2387 duces

166 2411 406 2452 Graecorum
442 2415 650 2461 praeterea
696 2415 975 2462 recensentur,
1016 2416 1085 2452 aut
1123 2413 1402 2463 quodammodo
1444 2411 1640 2452 coniuncti
1680 2414 1794 2450 erant
1831 2410 2048 2451 Athenien·

165 2476 276 2516 sibus
306 2480 375 2516 aut
403 2480 509 2516 certe
537 2488 617 2516 non
645 2477 793 2517 infesti.
839 2477 934 2524 Quis
961 2477 1171 2527 igiturnon
1189 2477 1309 2526 videt,
1339 2480 1548 2524 auctorem,
1572 2475 1640 2526 qui
1653 2475 1703 2514 ad
1716 2475 1890 2515 Atticum
1904 2476 2048 2515 librum

163 2541 358 2590 mittebat,
387 2541 650 2581 Athenienses
686 2542 851 2581 maxime
879 2541 1072 2582 laudasse.
1127 2541 1267 2591 Neque
1294 2545 1425 2581 tamen
1453 2541 1495 2580 id
1520 2551 1643 2580 unum
1671 2540 1874 2590 spectavit,
1903 2544 1950 2579 ut
1977 2541 2048 2580 eli-

161 2608 287 2662 geret,
318 2606 385 2655 qui
414 2606 515 2655 grati
545 2609 679 2645 essent
705 2606 848 2645 Attico.
905 2606 1029 2645 Nemo
1058 2606 1162 2646 enim
1188 2605 1295 2644 vitiis
1323 2608 1442 2653 caret,
1472 2605 1577 2654 quod
1595 2604 1873 2653 impedimento
1897 2604 1974 2643 fuit
1994 2605 2045 2652 ei,

159 2669 227 2717 qui
255 2670 303 2708 de
331 2670 638 2709 illustribus
667 2670 830 2710 ducibus
848 2670 1057 2710 scribebat.
1103 2671 1229 2720 Igitur
1242 2670 1319 2709 alia
1337 2669 1542 2709 omittebat
1555 2669 1633 2708 alia
1646 2668 1788 2707 leviter
1802 2668 2045 2717 immutabat,

161 2743 237 2780 quo
261 2733 472 2773 maioribus
490 2734 668 2774 laudibus
690 2735 809 2774 duces
832 2733 1004 2774 efferret.
1045 2734 1091 2774 Id
1113 2734 1269 2784 quidem
1286 2733 1533 2773 admonuisse
1551 2732 1645 2772 satis
1667 2735 1750 2779 est;
1773 2732 2045 2782 unusquisque

163 2795 268 2834 enim
295 2796 373 2835 iam
401 2797 515 2837 facile
543 2798 759 2848 intelliget,
789 2801 988 2837 auctorem
1014 2798 1118 2837 vitae
1148 2797 1420 2838 excellentium
1449 2797 1589 2836 ducum
1618 2799 1840 2836 exterarum
1868 2797 2046 2845 gentium

292 2933 315 2974 ¹)
340 2933 424 2968 Gell.
449 2938 536 2968 noct.
559 2936 628 2968 Att.
655 2937 705 2976 15,
729 2937 781 2968 28.
1628 2979 1654 3015 2
