2468 3347
154 1439 169 1503 Of
160 1418 162 1420 -

1182 172 1200 213 1
1216 172 1233 212 1

266 306 410 348 minem
445 311 568 348 totam
594 306 846 347 Themistocli
883 305 1032 345 tribuit.
1088 305 1227 356 Neque
1267 306 1371 346 enim
1400 305 1636 355 Mnesephili
1662 305 1901 346 mentionem
1927 304 2041 354 fecit,
2080 306 2148 356 qui

268 371 416 421 primus
444 372 569 412 suasit
595 369 863 418 Themistocli,
893 372 939 409 ut
966 369 1136 408 Graecos
1165 372 1250 408 arte
1279 369 1411 418 aliqua
1438 369 1632 408 retineret
1659 372 1702 407 et
1727 369 1962 419 Eurybiadis
1989 369 2146 409 laudem

261 436 421 485 minuit,
460 441 506 476 ut
545 436 668 485 magis
707 437 843 475 essent
877 433 1048 473 illustria
1081 433 1183 473 facta
1220 433 1482 473 Themistocli.
1539 433 1623 481 Quo
1660 433 1823 473 consilio
1862 433 2145 475 Themistocles

259 499 429 540 Xerxem
457 500 719 547 commoverit,
753 502 798 538 ut
825 497 1069 547 iniquissimo
1097 497 1171 537 sibi
1200 501 1336 537 contra
1349 497 1510 536 Graecis
1540 497 1872 552 opportunissimo
1899 497 1986 537 loco
2007 497 2144 537 confli—

261 567 384 613 geret,
401 564 541 603 deinde
555 552 631 613 qua
642 566 728 601 arte
748 562 916 600 eundem
933 561 1120 610 adegerit,
1138 564 1182 600 ut
1195 561 1321 600 victus
1339 561 1380 599 in
1390 561 1523 600 Asiam
1536 564 1818 609 reverteretur,
1827 558 1972 613 buctor
1986 565 2143 608 narrat3

260 627 357 666 illud
384 628 588 676 praeterit,
608 626 712 676 quod
733 626 958 665 Herodotus
979 625 1151 673 tradidit,
1180 624 1479 664 Themistoclem
1507 624 1676 663 eundem
1702 624 1967 665 Athenienses
2002 625 2144 665 adhor-

259 692 382 729 tatum
411 701 510 738 esse,
540 693 585 729 ut
613 689 653 728 in
675 688 970 737 Hellespontum
989 689 1220 738 navigarent
1248 692 1289 728 et
1303 691 1475 737 pontem,
1504 698 1620 737 quem
1647 687 1799 728 Xerxes
1826 689 1868 727 111
1898 699 1945 727 eo
1980 687 2141 736 fecerat,

259 754 541 793 rescinderent.
598 753 644 792 Id
671 764 825 802 quoque
855 753 1009 801 omittit,
1038 753 1148 792 illum
1177 765 1223 792 eo
1251 753 1378 792 animo
1408 753 1457 792 ad
1484 752 1655 791 Xerxem
1682 752 1865 792 nuntium
1886 753 2054 800 misisse,
2084 756 2141 801 ut,

259 817 294 856 si
321 818 415 867 quid
443 817 597 857 adversi
626 816 703 865 ipsi
730 817 772 855 in
800 817 928 865 patria
962 817 1182 865 accidisset,
1220 817 1324 866 apud
1351 817 1492 856 Persas
1529 815 1725 866 refugium
1764 816 1940 856 haberet.
1952 816 1978 867 ¹)
2035 817 2143 864 Quae

260 892 379 930 quum
406 881 463 920 ita
490 881 588 928 sint,
630 880 777 919 nemini
805 880 964 918 dubium
993 891 1079 919 esse
1108 881 1241 928 debet,
1280 880 1374 930 quin
1403 884 1539 919 auctor
1567 884 1725 928 noster,
1765 891 1865 930 quae
1894 891 1960 919 res
1989 891 2013 919 a
2040 880 2143 920 bello

259 949 391 995 gestae
420 944 669 984 Themistocli
697 944 803 983 laudi
830 956 909 983 non
933 948 1057 992 erant,
1086 945 1228 994 partim
1246 945 1432 992 omiserit,
1456 944 1598 993 partim
1613 945 1843 992 mutaverit3
1872 956 2002 995 neque
2023 944 2142 985 alium

260 1007 379 1048 finem
406 1009 448 1047 in
477 1008 561 1047 eius
590 1008 751 1057 reliquis
780 1008 883 1047 vitae
912 1008 1129 1047 rationibus
1159 1008 1398 1056 exponendis
1426 1011 1585 1046 secutus
1613 1018 1699 1047 esse
1728 1009 1897 1047 videtur.

455 1094 584 1143 Atque
613 1093 780 1142 primum
808 1093 965 1142 quidem
994 1105 1082 1132 eum
1120 1094 1402 1141 cententioneS,
1439 1104 1539 1142 quae
1567 1093 1817 1132 Themistocli
1853 1104 1941 1133 cum
1968 1094 2143 1135 Aristide

260 1160 384 1206 erant,
412 1158 591 1197 omisisse
620 1158 816 1205 videmus,
845 1168 925 1197 non
953 1169 1028 1207 quo
1058 1169 1136 1196 non
1164 1158 1338 1205 noverit,
1367 1168 1457 1197 nam
1484 1158 1525 1195 in
1555 1157 1739 1196 Aristidis
1766 1157 1847 1196 vita
1875 1168 2010 1197 earum
2035 1170 2143 1198 men-

257 1221 404 1261 tionem
432 1221 536 1270 facit,
565 1222 635 1261 sed
662 1222 766 1270 quod
793 1232 906 1260 nemo
936 1233 1026 1260 eum
1054 1222 1168 1260 laude
1197 1221 1357 1271 dignum
1377 1221 1588 1270 putaverit,
1618 1222 1685 1271 qui
1710 1225 1755 1261 ut
1772 1221 1880 1269 civis,
1909 1233 2026 1271 quem
2044 1223 2142 1263 adeo

261 1285 498 1325 abstinentia
526 1285 735 1325 eminuisse
762 1285 940 1334 legimus,
970 1288 1016 1324 ut
1043 1285 1269 1334 cognomine
1297 1285 1424 1324 iustus
1453 1285 1670 1334 appellatus
1699 1285 1762 1333 sit,
1801 1286 2034 1326 testularum
2061 1286 2143 1326 suf-

261 1349 386 1399 fragio
416 1361 438 1389 e
466 1350 593 1398 patria
622 1350 829 1397 eiceretur,
857 1349 1021 1389 maxime
1051 1349 1142 1398 egit.
1197 1349 1350 1388 Deinde
1379 1349 1482 1399 quod
1510 1349 1808 1389 Themistoclem
1831 1349 2141 1391 Atheniensibus

259 1417 457 1454 auctorem
481 1413 616 1462 fuisse,
646 1417 691 1452 ut
718 1414 911 1463 triplicem
937 1416 1093 1463 portum
1120 1412 1326 1453 Piraeeum
1354 1413 1640 1454 constituerent
1666 1413 1947 1465 moenibusque
1977 1415 2142 1455 circum-

258 1479 410 1527 darent,
441 1479 684 1528 eundemque
713 1490 784 1517 suo
813 1479 986 1527 periculo
1014 1490 1168 1517 murum
1194 1478 1437 1517 Athenarum
1465 1479 1687 1518 restituisse
1719 1482 2006 1527 commemorat,
2035 1480 2140 1519 veri-

255 1545 376 1581 tatem
404 1543 594 1592 sequitur.
651 1542 762 1589 Quod
791 1542 974 1592 deinceps
1004 1543 1052 1582 de
1071 1543 1186 1583 exilio
1202 1542 1470 1582 Themistoclis
1484 1542 1616 1591 tradit,
1640 1542 1864 1592 Thucydide
1883 1542 1950 1582 ille
1976 1544 2135 1593 quidem

259 1609 396 1645 autore
425 1606 562 1654 utitur,
592 1617 675 1645 rem
702 1609 833 1645 tamen
861 1607 917 1645 ita
944 1606 1158 1654 adumbrat,
1187 1610 1232 1645 ut
1259 1606 1419 1645 dubium
1453 1606 1579 1645 videri
1615 1606 1751 1654 possit,
1792 1610 1925 1645 utrum
1960 1607 2047 1646 iure
2088 1619 2139 1646 an

258 1670 404 1710 iniuria
430 1670 663 1720 proditionis
693 1671 895 1710 damnatus
924 1670 987 1710 sit.
1044 1669 1190 1709 Contra
1207 1669 1475 1720 Plutarchus2)
1505 1669 1690 1719 epistolas
1721 1674 1762 1710 et
1782 1670 1936 1711 litteras
1955 1675 2137 1721 repertas

261 1745 348 1773 esse
376 1735 549 1782 tradidit,
580 1746 678 1784 quae
707 1734 966 1783 suspicionem
984 1738 1198 1783 moverent,
1217 1734 1514 1774 Themistoclem
1530 1746 1609 1774 non
1625 1734 1754 1774 minus
1773 1747 1890 1785 quam
1903 1736 2141 1776 Pausaniam

259 1809 346 1838 cum
374 1810 468 1848 rege
496 1799 706 1838 Persarum
735 1797 887 1838 fecisse.

454 1873 554 1912 Tum
570 1873 872 1921 inimicitiarum,
902 1883 997 1922 quas
1009 1872 1288 1913 Themistocles
1306 1884 1392 1913 cum
1407 1873 1571 1912 Admeto
1591 1873 1857 1924 exercuerat³)
1875 1874 2022 1914 mentio
2039 1873 2142 1914 facta

258 1947 336 1975 non
356 1940 435 1984 est;
463 1938 582 1986 quid‘?
604 1949 653 1977 ne
674 1937 773 1977 illud
787 1937 944 1986 quidem
963 1941 1295 1985 cemmemoratur,
1325 1938 1465 1986 quibus
1482 1938 1598 1976 minis
1616 1941 1787 1985 nautam,
1816 1938 1858 1976 in
1876 1939 1987 1977 cuius
2001 1949 2140 1978 navem

258 2000 435 2040 omnibus
453 2001 611 2051 ignotus
634 2002 874 2049 escenderat,
904 2004 949 2040 ut
975 2001 1175 2051 Ephesum
1202 2002 1417 2051 navigaret,
1447 2001 1669 2052 coegerit4.)
1705 2001 1834 2042 Etiam
1861 2002 2136 2043 Themistoclis

258 2064 483 2113 epistolam,
525 2077 640 2115 quam
679 2066 864 2113 inseruit,
904 2069 1040 2105 auctor
1067 2076 1298 2116 quamquam
1326 2077 1348 2105 e
1377 2066 1602 2115 Thucydide
1630 2067 1816 2106 sumsisse
1856 2066 1970 2115 dicit,
2007 2071 2140 2107 tamen

256 2128 472 2177 paullulum
498 2130 673 2169 mutavit.
730 2130 981 2170 Verba'enim
1008 2130 1250 2179 patriamque
1277 2141 1403 2169 meam
1432 2127 1644 2169 defendere
1672 2130 1815 2170 adiecit
1841 2133 1883 2169 et
1910 2131 2015 2180 quod
2036 2130 2140 2171 Τ1111-

257 2192 414 2242 cydides
443 2193 631 2243 epistolae
660 2194 843 2243 intexuit,
883 2193 1007 2244 ipsius
1036 2194 1222 2243 epistolae
1251 2194 1381 2234 verbis
1409 2194 1618 2234 immiscuit
1644 2193 1791 2234 fraudis
1829 2193 1934 2234 illius
1973 2206 2139 2235 comme-

256 2258 473 2297 moratione
501 2259 645 2298 iterum
673 2259 825 2307 omissa,
855 2270 929 2298 nec
955 2270 1035 2298 non
1064 2262 1238 2298 extrema
1264 2259 1385 2298 verba
1412 2259 1468 2297 ita
1494 2259 1723 2307 immutavit,
1765 2262 1810 2298 ut
1837 2259 2139 2299 Themistoclem

259 2321 496 2361 scribentem
524 2322 683 2371 faceret,
713 2335 755 2362 se
784 2323 1011 2362 Artaxerxis
1040 2323 1246 2362 amicitiam
1273 2326 1424 2371 petere,
1454 2334 1541 2362 cum
1569 2334 1617 2362 ex
1644 2322 1867 2372 Thucydide
1896 2327 2139 2373 compertum

257 2385 467 2426 habeamus
495 2387 605 2426 illum
633 2399 675 2427 se
703 2390 866 2437 propter
886 2387 1198 2427 coniunctionem
1216 2399 1331 2437 quam
1349 2398 1436 2427 cum
1450 2387 1580 2427 Xerxe
1596 2386 1760 2427 haberet
1779 2398 1801 2427 e
1818 2390 1959 2428 cuncta
1969 2386 2138 2428 Graecia

264 2459 350 2487 esse
380 2451 617 2498 exagitatum
645 2451 860 2498 scripsisse.
917 2450 1055 2499 Neque
1082 2451 1413 2499 praetereundum
1440 2462 1527 2490 esse
1554 2451 1649 2489 mihi
1676 2451 1845 2499 videtur,
1877 2451 1955 2490 alia
1981 2453 2139 2491 tradere

265 2511 515 2554 Plutarchum
525 2514 577 2565 ⁵),
621 2514 687 2565 qui
724 2514 829 2565 quod
866 2513 1032 2555 evitasse
1069 2517 1205 2556 noster
1243 2517 1379 2556 auctor
1413 2513 1561 2555 Cononi
1598 2513 1704 2555 laudi
1738 2514 1859 2556 vertit
1871 2514 1923 2567 ⁶),
1963 2515 2010 2566 id,
2038 2514 2139 2556 The-

455 2642 479 2684 ¹)
502 2642 585 2677 Her.
609 2642 700 2683 VIII,
727 2643 801 2676 109.

452 2695 482 2734 ²)
504 2695 593 2727 Plut.
618 2696 731 2729 Them.
756 2705 784 2728 c.
808 2695 862 2727 23.

453 2748 481 2788 ³)
504 2748 593 2782 Plut.
616 2748 639 2781 l.
662 2749 684 2781 1.
711 2750 762 2782 24.

453 2802 480 2840 ⁴)
504 2801 607 2832 Thuc.
631 2803 657 2842 1,
683 2803 764 2841 1373
787 2801 876 2834 Plut.
899 2802 924 2833 1.
948 2802 973 2833 1.
999 2803 1050 2834 25.

454 2854 479 2896 5)
501 2854 589 2888 Plut.
612 2854 634 2888 1.
658 2855 681 2888 l.
705 2865 734 2904 c,
758 2857 809 2889 27.

457 2909 484 2945 θ)
507 2907 592 2938 Don.
616 2917 644 2940 c.
668 2910 699 2948 3,
721 2910 753 2940 4.
