2468 3347
1212 155 1240 197 5

478 293 641 334 Accedit
667 292 835 333 alterum
862 294 1148 341 ammentum,
1175 290 1294 340 idque
1313 290 1355 329 111
1371 288 1486 329 fallor
1508 288 1699 339 gravioris
1718 288 1916 337 momenti,
1946 300 2024 339 quo
2033 288 2168 341 gipsum

283 359 405 399 vitam
431 357 677 406 Hannibalis,
707 357 770 397 eui
799 359 840 396 et
867 356 1114 405 subscriptio,
1144 355 1193 394 de
1220 366 1299 404 qua
1325 354 1546 404 agimusvet
1571 364 1728 393 carmen
1755 353 1805 392 de
1832 362 1911 402 quo
1931 352 2063 402 paullo
2079 356 2172 402 post

287 423 434 464 dicuni
460 434 626 470 sumus,
667 421 839 461 Cornelii
877 420 1044 470 Nepotis
1078 431 1165 460 esse
1203 419 1405 469 probetur.
1469 418 1679 459 Diomedes
1714 418 1820 458 enim
1854 418 2127 468 grammaticus
2143 417 2170 468 ¹)

285 487 460 535 tradidit,
489 486 683 537 Nepotem
711 496 847 525 vocem
873 484 1035 535 propius
1064 484 1194 523 dativo
1233 495 1326 523 casu
1359 483 1548 533 junxisse.
1605 482 1744 521 Exstat
1781 485 1911 522 autem
1949 482 2168 531 exemplum

285 551 402 590 huius
432 549 1062 591 constructionisinsflannibalis
1099 549 1181 588 vita
1212 560 1296 597 cap.
1325 548 1419 587 vm
1455 547 1517 587 bis
1555 547 1707 587 verbis:
1749 547 1964 597 propius
1992 546 2169 585 Tiberi

286 626 429 666 quam
456 614 822 665 Thermopylis.

480 701 606 742 Venio
635 701 713 741 iam
740 700 790 740 ad
818 703 1089 753 argumentum
1116 710 1193 751 quo
1221 699 1378 750 gravius
1408 702 1633 740 exterorum
1661 700 1980 749 argumentorum
2016 696 2166 736 nullum

287 766 571 813 indicaverunt,
602 766 669 814 qui
696 766 796 804 vitas
824 766 988 803 Aemilio
1017 765 1144 803 Probo
1172 764 1409 803 tribuerunt.
1465 766 1606 803 Exstat
1644 764 1749 803 enim
1787 767 1878 812 post
1912 763 2033 801 vitam
2060 762 2169 800 Han-

285 830 426 871 nibalis
456 841 624 891 carmen,
654 830 757 879 quod
783 829 989 869 Aemilium
1017 829 1187 869 Probum
1215 832 1414 870 auctorem
1439 830 1609 879 prodere
1637 829 1806 877 videtur,
1835 826 1897 867 his
1926 826 2127 868 versibus:

601 914 710 954 Vade
739 914 839 958 liber
866 918 1013 962 noster,
1040 914 1121 953 fato
1148 914 1310 954 meliore
1338 917 1532 954 memento

655 979 750 1018 Cum
778 980 883 1029 leget
909 979 1006 1018 haec
1034 979 1226 1027 dominus,
1254 983 1294 1018 te
1323 979 1421 1018 sciat
1448 991 1535 1019 esse
1563 991 1705 1019 meum.

600 1043 637 1082 N
639 1054 683 1082 ec
709 1046 861 1083 metuas
889 1042 996 1083 fulvo
1025 1043 1181 1083 strictos
1210 1043 1427 1083 diademate
1457 1043 1598 1091 crines,

529 1097 538 1101 ⁷
653 1108 842 1146 Ridentes
870 1108 1056 1146 blandum
1083 1108 1146 1147 vel
1173 1107 1321 1156 pietate
1350 1107 1495 1146 oculos.

601 1171 823 1212 Communis
853 1172 1002 1212 cunctis
1030 1171 1227 1212 hominem
1255 1172 1325 1211 sed
1353 1183 1476 1222 regna
1503 1175 1641 1211 tenere

650 1236 700 1275 Se
728 1236 915 1275 meminit.
935 1249 952 1252 ⁷·
971 1236 1105 1275 Vincit
1131 1236 1222 1276 hinc
1248 1236 1370 1286 magis
1398 1237 1465 1275 1116
1494 1237 1682 1276 11011111168.

599 1300 799 1340 Ornentur
827 1300 982 1341 steriles
1010 1300 1141 1351 fragili
1168 1303 1322 1342 tectura
1348 1300 1492 1348 libelli;

651 1364 869 1404 Theodosio
899 1368 939 1403 et
967 1365 1091 1404 doctis
1120 1366 1291 1404 carmina
1316 1365 1424 1404 nuda
1450 1365 1618 1414 placent.

599 1428 639 1468 Si
667 1433 781 1479 rogat
808 1432 1018 1478 auctorem,
1048 1422 1235 1478 paulatim
1263 1429 1402 1478 detege
1431 1432 1610 1468 nostrum

652 1493 760 1532 Tunc
790 1494 945 1533 domino
974 1504 1136 1532 nomen:
1164 1504 1227 1531 me
1255 1493 1353 1532 sciat
1381 1504 1468 1532 esse
1497 1493 1675 1542 probum.

599 1556 771 1607 Corpore
799 1559 841 1597 in
869 1558 942 1598 1106
969 1569 1107 1597 manus
1136 1561 1197 1597 est
1224 1557 1415 1608 genitoris
1445 1557 1583 1608 avique
1611 1568 1776 1608 meaque

652 1622 817 1670 Felices,
848 1622 1046 1661 dominum
1074 1633 1173 1672 quae
1200 1633 1396 1669 meruere,
1423 1633 1574 1660 manus.

478 1707 590 1754 Quod
618 1719 774 1747 carmen
803 1708 944 1757 quibus
971 1709 1123 1748 mendis
1153 1713 1289 1749 contra
1315 1709 1425 1759 leges
1448 1720 1632 1748 versuum
1652 1708 1949 1758 pangendorum
1964 1707 2166 1748 foedatum

283 1772 346 1820 sit,
375 1771 573 1812 Boekhius
603 1772 785 1812 ostendit.
842 1772 888 1812 In
916 1771 1180 1823 Ephemiridis
1209 1773 1365 1823 quidam
1394 1773 1685 1821 demonstravit,
1729 1784 1843 1823 quam
1871 1772 1972 1813 male
2002 1773 2070 1823 qui
2094 1773 2164 1812 1108

282 1847 421 1875 versus
449 1837 586 1886 panxit
613 1836 741 1876 Ovidii
770 1837 952 1885 carmina,
982 1848 1082 1887 quae
1109 1838 1241 1878 tristia
1267 1839 1548 1886 inscribuntur,
1586 1838 1760 1877 imitatus
1788 1839 1852 1877 sit.
1908 1838 2012 1885 Quin
2050 1838 2168 1877 etiam

282 1901 483 1950 Rinckius,
511 1902 581 1952 qui
608 1902 703 1942 11666
720 1902 826 1953 11116
854 1901 1066 1943 defendere
1094 1904 1257 1952 studuit,
1288 1907 1329 1943 et
1357 1907 1551 1944 extremos
1580 1904 1678 1944 duos
1706 1915 1843 1944 versus
1872 1903 2047 1943 liberarii
2077 1914 2164 1943 esse

284 1967 487 2017 concessit,
516 1978 590 2007 nec
618 1967 829 2018 quidquam
857 1967 955 2008 certi
984 1968 1032 2008 de
1060 1967 1223 2019 reliquis
1250 1968 1395 2009 attulit.
1451 1969 1654 2009 Accedunt
1677 1969 1754 2009 duo
1777 1971 2007 2020 argumenta
2026 1968 2166 2020 quibus

282 2032 450 2081 permoti
478 2032 546 2070 illo
574 2032 745 2071 carmine
776 2032 903 2071 evinci
930 2043 1130 2082 negamus,
1159 2036 1205 2072 ut
1223 2044 1323 2083 quae
1340 2035 1579 2083 praecedant
1593 2034 1697 2074 vitae
1713 2035 1762 2073 ad
1775 2034 1984 2073 Aemilium
1997 2034 2167 2073 Probum

235 2139 238 2141 ,
286 2099 486 2136 auctorem
513 2096 746 2137 referendae
775 2097 866 2136 sint.

478 2182 579 2231 Quid
608 2184 712 2223 enim
741 2183 815 2223 sibi
843 2183 979 2223 volunt
1007 2182 1056 2225 111
1076 2184 1154 2224 (1110
1182 2194 1342 2224 versus:

674 2269 877 2309 Ornentur
906 2270 1063 2310 steriles
1091 2270 1220 2320 fragili
1248 2272 1403 2309 tectura
1430 2270 1553 2309 libelli

673 2334 892 2374 Theodosia
919 2338 960 2373 et
988 2335 1112 2374 doctis
1141 2334 1368 2375 carmina
1395 2334 1501 2373 nuda
1527 2334 1694 2383 placent.

478 2421 670 2472 Equidem
698 2425 876 2462 autorem
905 2423 1129 2462 carmina
1155 2423 1197 2461 in
1225 2433 1347 2461 unum
1375 2432 1515 2471 corpus
1544 2421 1707 2460 collecta
1724 2421 1953 2471 imperatori
1974 2433 2168 2463 commen-

284 2488 377 2527 dare
406 2487 625 2537 putaverim
653 2499 732 2526 non
762 2488 882 2536 vitas,
922 2488 999 2527 nisi
1027 2487 1129 2528 forte
1158 2500 1253 2528 voce
1283 2488 1515 2527 carminis
1543 2487 1647 2527 vitae
1677 2487 1806 2527 soluta
1845 2487 2021 2528 oratione
2062 2501 2164 2528 com-

283 2551 433 2603 positae
462 2550 744 2602 significantur.

478 2639 579 2686 Quid
605 2638 757 2688 igitur?
814 2638 929 2678 Vitae
942 2639 1148 2679 Hanibalis
1178 2650 1293 2689 quam
1305 2638 1402 2678 illud
1416 2650 1573 2678 carmen
1589 2638 1734 2688 excipit
1747 2642 1922 2678 extrema
1935 2640 2057 2679 verba
2073 2644 2169 2680 sunt

287 2703 404 2743 haec:
461 2704 538 2743 Sed
566 2714 637 2742 nos
671 2707 826 2753 tempus
855 2707 916 2743 est
941 2703 1179 2742 huius⁶libri
1206 2703 1335 2743 facere
1365 2702 1483 2742 finem
1512 2708 1553 2743 et
1580 2704 1844 2742 Romanorum
1872 2704 2066 2753 explicare
2095 2706 2165 2743 im-

282 2772 499 2818 peratores,
530 2780 605 2819 quo
634 2767 786 2809 facilius
816 2768 966 2810 collatis
995 2772 1250 2819 utrorumque
1279 2767 1410 2817 factis,
1441 2768 1508 2819 qui
1536 2769 1611 2808 viri
1639 2768 1891 2820 praeferendi
1918 2769 2011 2819 sint,
2041 2770 2167 2820 possit

483 2898 506 2939 ¹)
535 2897 703 2931 Diomedis
727 2898 808 2931 artis
831 2898 1037 2938 grammatice
1060 2898 1117 2931 lib.
1140 2898 1166 2930 Ι.
1190 2907 1264 2938 pag.
1287 2899 1352 2931 410
1374 2897 1424 2931 ed.
1447 2897 1533 2930 Η611.
1558 2897 1647 2933 Keil.
