2468 3347
1244 159 1271 201 8

308 294 437 330 actum
465 291 525 330 rei
553 303 804 343 pugnamque
832 295 1083 342 praesentem
1111 294 1183 334 sed
1211 295 1261 335 ad
1287 295 1516 336 memoriam
1542 297 1787 346 posteritatis
1822 302 1864 338 et
1889 298 2039 348 ingenii
2060 298 2202 339 famam

311 356 579 405 componitur,
624 356 792 406 ideoque
832 361 873 396 et
910 357 1040 396 verbis
1077 358 1353 399 remotioribus
1387 362 1429 399 et
1456 359 1706 401 liberioribus
1735 360 1873 411 figuris
1902 362 2088 401 narrandi
2116 366 2201 402 tae·

308 419 415 457 dium
444 419 577 458 evitat.

502 516 629 565 Igitur
642 527 819 564 narrare,
835 515 1044 563 delectare,
1064 516 1224 556 laudare
1244 515 1364 556 finem
1380 517 1570 559 historiae
1594 531 1682 560 esse
1701 520 1898 561 iudicavit.
1927 521 2066 571 Neque
2082 520 2198 560 aliter

308 581 375 620 alii
403 580 639 619 sentiebant.
696 579 808 619 Illam
836 580 1076 629 voluptatem
1104 591 1220 629 quam
1248 592 1298 621 ex
1323 581 1518 622 Herodoti
1546 583 1791 635 aliorumque
1820 595 2049 635 graecorum
2076 585 2198 624 histo·

308 646 479 684 ricorum
508 644 695 694 operibus
724 644 901 694 legendis
931 645 1149 694 capiebant,
1178 656 1257 684 non
1286 645 1418 684 divino
1447 645 1514 685 illo
1543 647 1716 697 ingenio,
1746 661 1822 698 quo
1838 648 1979 688 Graeci
2002 649 2199 699 vigebant,

306 708 472 749 Romani
506 708 714 757 carebant,
752 709 823 748 sed
850 712 935 748 arte
964 708 1163 749 rhetorica
1190 708 1294 749 effici
1320 710 1523 759 putabant.
1580 711 1710 759 Quare
1739 724 1815 763 quo
1843 712 1966 762 magis
1995 716 2080 752 arte
2110 713 2200 752 rhe-

305 773 431 824 torica
470 776 607 812 auctor
650 774 814 822 quisque
859 772 1093 822 excellebat,
1133 772 1208 813 hoc
1245 773 1458 814 maioribus
1498 775 1686 815 laudibus*
1716 776 1806 816 eum
1844 777 2071 817 efferebant.
2137 777 2196 816 Si-

306 848 492 885 sennam,
533 837 599 886 qui
638 848 753 886 quam
788 837 950 886 putidus
989 836 1111 893 fuerit
1140 849 1189 876 ex
1215 838 1416 888 reliquiis,
1446 850 1542 888 quas
1571 839 1725 880 Nonius
1754 842 1897 890 aliique
1926 844 2196 888 servaverunt,

310 912 547 951 cognoscere
576 901 680 948 licet,
710 900 824 940 facile
854 912 1001 948 omnes,
1032 901 1099 950 qui
1128 904 1219 940 ante
1249 912 1338 941 eum
1365 901 1525 941 fuerant
1553 915 1761 953 superasse
1791 905 1938 952 dicunt,
1969 908 2020 952 et,
2050 908 2096 943 ut
2109 915 2198 953 gra-

307 966 394 1004 vius
423 965 617 1014 quoddam
646 964 818 1012 afferam,
848 964 914 1004 ille
943 965 1137 1004 Antonius
1166 968 1298 1005 orator
1312 964 1513 1005 Timaeum
1540 966 1656 1016 longe
1686 968 1992 1007 eruditissimum
2009 971 2050 1006 et
2066 978 2198 1006 rerum

307 1029 419 1077 copia
454 1032 494 1067 et
532 1028 819 1067 sententiarum
852 1029 1043 1068 varietate
1084 1028 1461 1068 abundantissimum
1496 1023 1537 1068 et
1564 1030 1651 1079 ipsa
1678 1031 1957 1080 compositione
1986 1030 2196 1070 verborum

305 1105 386 1132 non
420 1092 641 1142 impolitum
675 1104 857 1142 magnam
897 1092 1160 1141 eloquentiam
1198 1093 1247 1132 ad
1285 1093 1535 1133 scribendum
1571 1094 1749 1133 attulisse
1788 1095 1882 1134 dicit
1900 1094 1925 1143 ¹)
1954 1095 2024 1133 sed
2052 1105 2191 1143 parum

306 1160 434 1205 recte,
476 1160 522 1196 ut
558 1160 695 1196 auctor
723 1163 804 1210 ῃερῑ
828 1159 942 1202 ὕψους
974 1157 1106 1205 docet,
1144 1156 1211 1207 qui
1245 1157 1339 1207 quid
1366 1157 1407 1196 in
1435 1157 1594 1197 Timaeo
1623 1158 1925 1208 vituperandum
1953 1158 2006 1196 sit
2034 1158 2193 1198 demon-

307 1224 420 1261 strat.
478 1221 629 1261 Deinde
659 1221 756 1260 illud
783 1231 936 1268 mone0,
966 1221 1070 1270 quod
1099 1219 1177 1260 Cic.
1207 1221 1256 1261 de
1284 1221 1359 1271 leg.
1388 1220 1590 1270 praefatus
1619 1225 1680 1261 est
1696 1224 1739 1272 ²),
1770 1223 1836 1261 ubi
1849 1222 2003 1261 Atticus
2028 1222 2196 1262 aMarco

307 1284 519 1335 efflagitat,
561 1289 606 1324 ut
642 1285 844 1324 historiam
884 1296 1038 1334 quoque
1068 1284 1271 1324 scriberet.
1328 1284 1467 1334 Neque
1497 1284 1632 1324 Cicero
1663 1296 1705 1324 se
1734 1284 1892 1325 efficere
1922 1296 2038 1335 posse
2067 1290 2197 1336 negat,

305 1354 351 1389 ut
378 1349 452 1388 hoc
481 1360 635 1398 quoque
665 1359 811 1397 genere
840 1348 1004 1387 Romani
1034 1348 1195 1388 Graecis
1223 1348 1320 1388 nihil
1350 1349 1502 1396 cedant,
1535 1350 1605 1388 sed
1635 1360 1721 1388 esse
1749 1350 1855 1388 inter
1884 1361 1926 1388 se
1956 1354 1997 1388 et
2010 1350 2197 1396 Quintum

304 1412 468 1451 fratrem
508 1423 715 1461 parvam
750 1412 1055 1460 dissensionem,
1096 1424 1119 1452 a
1155 1413 1296 1462 quibus
1324 1412 1567 1461 temporibus
1601 1413 1798 1452 scribendi
1826 1412 1955 1462 capiat
1983 1413 2195 1452 exordium.

305 1477 494 1524 Quintum
523 1477 629 1515 enim
657 1476 712 1515 ab
741 1476 936 1515 ultimis
965 1487 1127 1516 censere
1157 1477 1414 1526 repetendum
1445 1488 1531 1516 esse
1561 1477 1744 1527 quoniam
1772 1477 1840 1515 illa
1860 1477 1915 1516 sic
1937 1478 2083 1527 scripta
2105 1477 2196 1526 sint,

305 1545 350 1581 ut
366 1553 416 1581 ne
437 1541 622 1590 legantur
637 1541 806 1590 quidem,
826 1551 869 1580 se
887 1543 1019 1580 autem
1047 1541 1300 1591 aequalem
1321 1541 1510 1580 aetatis
1535 1552 1651 1581 suae
1671 1541 1951 1580 memoriam
1971 1541 2197 1591 deposcere,

306 1609 351 1646 ut
379 1617 426 1645 ea
454 1605 765 1655 complectantur
793 1604 934 1654 quibus
964 1605 1048 1654 ipse
1077 1604 1316 1645 interfuerit.
1372 1605 1494 1644 Recte
1522 1605 1588 1645 ille
1611 1605 1767 1654 quidem
1786 1608 1956 1652 excusat,
1986 1605 2020 1643 si
2035 1605 2199 1644 historia

305 1669 526 1718 praeceptis
561 1669 656 1707 artis
684 1667 905 1707 rhetoricae
935 1668 1172 1707 continetur.
1230 1668 1293 1707 Sic
1326 1671 1434 1707 certe
1462 1679 1577 1707 nemo
1609 1668 1796 1708 Cicerone
1826 1668 1955 1718 aptior
1990 1671 2094 1717 erat,
2132 1668 2198 1718 qui

306 1737 391 1774 arte
427 1732 625 1773 rhetorica
663 1736 825 1773 ornaret
858 1733 1085 1780 historiam3
1125 1733 1230 1772 idem
1265 1732 1407 1772 stolida
1444 1733 1694 1773 excusatione
1734 1744 1829 1772 usus
1870 1736 1948 1780 est,
1989 1733 2022 1771 si
2060 1744 2196 1772 verum

304 1798 494 1837 historiae
530 1796 651 1836 finem
688 1800 922 1846 spectamus.
985 1797 1038 1836 Et
1074 1807 1121 1837 ea
1153 1796 1228 1836 fuit
1265 1796 1324 1836 vis
1364 1796 1459 1837 artis
1498 1796 1732 1846 rhetoricae,
1775 1799 1840 1846 ut,
1885 1796 1919 1836 si
1948 1795 2047 1847 quis,
2087 1798 2132 1836 ut
2160 1796 2197 1837 ei

307 1862 574 1909 satisfaceret,
614 1866 836 1910 temporum
884 1863 1077 1901 rationem
1118 1862 1379 1909 turbavisset,
1418 1862 1708 1900 excusationem
1746 1861 1913 1899 haberet
1927 1860 1970 1908 ³).
2039 1861 2199 1899 Accedit

305 1926 434 1976 illud.»
481 1926 722 1976 Quamquam
762 1924 893 1965 nullus
939 1936 1072 1965 rerum
1117 1925 1352 1975 scriptorum
1392 1924 1627 1975 Thucydidis
1676 1925 1756 1964 vim
1804 1924 1844 1963 in
1892 1924 2055 1964 historia
2105 1925 2198 1964 scri-

304 1992 435 2030 benda
469 1990 766 2039 assequebatur,
807 2001 922 2029 nemo
958 1992 1090 2029 tamen
1129 2000 1265 2029 eorum
1301 1990 1368 2039 qui
1397 1993 1523 2029 artem
1557 1989 1792 2028 rhetoricam
1828 1987 2116 2037 profitebantur
2133 2032 2137 2036 ¹
2155 2000 2199 2028 se

306 2055 574 2104 Thucydidem
601 2054 749 2093 imitari
776 2065 857 2094 non
887 2053 1054 2102 dicebat,
1083 2054 1188 2093 unde
1216 2054 1339 2103 magis
1360 2053 1478 2093 etiam
1496 2056 1672 2103 apparet,
1702 2063 1817 2102 quam
1835 2063 1915 2092 non
1931 2052 2200 2092 intellexerint

306 2119 472 2159 Romani
509 2118 736 2157 facultatem
763 2118 804 2156 in
834 2117 995 2157 Graecis
1024 2116 1222 2157 historicis
1250 2121 1392 2157 natura
1418 2117 1577 2157 insitam
1604 2128 1683 2156 non
1713 2116 1992 2156 exercitatione
2020 2119 2196 2166 paratam

308 2194 408 2222 esse.
465 2183 647 2231 Denique
683 2192 747 2220 ars
784 2180 982 2221 rhetorica
1014 2181 1091 2220 illis
1124 2181 1365 2230 temporibus
1402 2191 1552 2221 summa
1581 2183 1668 2219 erat
1695 2178 1920 2229 disciplina,
1961 2191 2038 2229 qua
2065 2180 2195 2219 omnia

312 2246 417 2286 effici
447 2250 489 2286 et
516 2245 707 2295 perpoliri
735 2256 851 2295 posse
879 2245 1084 2295 putabant.

503 2342 642 2382 Restat
669 2345 714 2382 ut
742 2341 925 2389 dicamus,
956 2351 1073 2391 quem
1099 2340 1228 2381 locum
1243 2340 1448 2381 Cornelius
1464 2315 1600 2390 Nepos
1626 2339 1732 2379 inter
1760 2339 1892 2379 doctos
1910 2338 2086 2379 homines
2102 2351 2197 2381 suae

306 2409 447 2448 aetatis
462 2408 691 2455 obtinuerit,
711 2411 751 2446 et
766 2418 843 2456 qua
857 2407 1010 2446 ratione
1025 2406 1142 2454 vitae,
1159 2417 1323 2455 quarum
1338 2406 1387 2445 de
1405 2408 1564 2445 auctore
1580 2404 1834 2453 disputamus,
1855 2404 2089 2453 compositae
2106 2404 2196 2445 sint.

503 2506 632 2554 Atque
660 2504 780 2543 vitam
809 2507 849 2542 et
871 2514 992 2552 opera
1008 2502 1181 2541 Cornelii
1197 2501 1363 2551 Nepotis
1384 2504 1679 2550 perscrutantes
1694 2501 1771 2540 duo
1786 2501 1953 2551 vestigia
1966 2502 2196 2550 reperimus,

308 2569 451 2620 quibus
475 2569 659 2608 docemur
682 2579 771 2607 eum
794 2566 952 2605 illorum
969 2566 1102 2614 fuisse,
1133 2567 1200 2615 qui
1223 2565 1327 2605 docti
1342 2565 1726 2628 cognominabantur.
1767 2565 1942 2605 Catullus
1961 2576 2050 2605 eum
2065 2566 2199 2605 laudat

307 2635 368 2673 his
397 2632 601 2673 versibus:

441 2773 465 2812 ¹)
490 2771 557 2803 Cic.
582 2769 623 2802 de
647 2779 694 2801 or.
718 2768 761 2800 ΙΙ.
789 2768 839 2808 14,
864 2769 915 2800 58.

447 2825 473 2865 ²)
499 2824 565 2856 Cic.
590 2822 632 2855 de
655 2822 718 2863 leg.
743 2822 769 2853 1.
795 2824 824 2853 2.

445 2879 470 2919 ³)
495 2877 625 2910 Gellius
653 2876 703 2916 15,
728 2876 780 2907 28.
