2468 3347
1212 187 1267 228 ยน2

295 323 513 364 mistoclem
551 321 680 373 patrio
718 332 828 361 more
863 321 1042 373 neglecto
1080 321 1221 361 fecisse
1258 326 1405 362 narrat.
1463 322 1591 370 Quare
1631 325 1767 362 auctor
1803 325 1938 362 noster
1969 333 2048 362 non
2095 335 2181 363 eam

293 390 342 429 ob
373 399 529 428 causam
555 387 821 436 Thucydidem
848 390 1008 426 secutus
1037 397 1124 426 esse
1152 387 1321 435 videtur,
1351 388 1455 437 quod
1483 391 1609 427 aetate
1638 387 1838 436 proximus
1873 386 1995 427 fuerit
2030 388 2078 427 de
2115 389 2178 437 iis,

291 454 360 503 qui
388 453 545 492 illorum
572 456 794 501 temporum
812 450 1015 491 historiam
1040 452 1300 501 reliquerunt,
1329 453 1401 491 sed
1416 453 1520 501 quod
1539 464 1586 491 ea
1601 451 1787 505 narravit,
1816 463 1916 501 quae
1931 451 2180 492 Themistocli

291 517 399 556 laudi
428 516 532 556 verti
563 518 762 565 poterant.
817 516 966 555 Eadem
993 515 1145 554 ratione
1175 515 1222 554 de
1258 519 1385 554 morte
1413 516 1684 556 Themistoclis
1723 527 1770 554 ea
1804 516 1942 565 elegit,
1982 524 2081 566 quae
2121 516 2179 556 of-

290 579 511 621 fensionem
538 591 619 620 non
647 580 856 621 habebant.

399 644 473 683 His
502 645 625 693 igitur
654 645 863 693 expositis,
893 655 972 693 qua
999 644 1150 682 ratione
1179 643 1283 682 vitae
1323 644 1598 682 excellentium
1635 646 1774 683 ducum
1811 646 2047 692 compositae
2085 645 2177 693 sint,

290 708 535 750 intellectum
571 712 680 759 puto.
738 708 866 757 Quare
903 720 989 749 cum
1025 707 1176 748 Gellius
1204 706 1429 748 Cornelium
1457 708 1652 759 Nepotem
1686 707 1977 759 amplificandae
2012 709 2178 751 admira-

287 773 408 813 tionis
436 773 564 823 gratia
590 784 686 812 vera
712 773 980 821 suppressisse
1008 772 1227 819 tradiderit,
1257 783 1386 821 neque
1416 772 1531 811 aliam
1558 773 1686 822 legem
1714 777 1912 813 auctorem
1925 774 2092 812 vitarum
2110 785 2176 813 ex-

289 837 515 876 cellentium
543 837 685 876 ducum
712 839 890 875 secutum
918 847 1004 875 esse
1033 836 1245 882 videamus,
1275 836 1429 883 librum,
1460 837 1507 874 de
1530 848 1607 885 quo
1628 838 1850 885 quaerimus
1871 838 2006 876 eadem
2022 838 2176 877 ratione

291 900 549 951 compositum
578 910 677 949 esse,
708 911 786 951 qua
813 899 1019 940 Cornelius
1048 898 1181 949 Nepos
1208 899 1250 938 in
1278 899 1361 939 vita
1388 898 1588 940 Ciceronis
1617 899 1824 940 scribenda
1850 911 1945 941 usus
1981 900 2049 950 sit,
2085 912 2176 941 con-

288 965 470 1004 cedamus
499 975 661 1003 necesse
691 967 763 1003 est.
819 964 1182 1003 Demonstravimus
1211 964 1333 1012 igitur
1372 975 1445 1003 nec
1485 965 1743 1013 inscriptione
1782 976 1855 1004 nec
1889 965 2174 1014 subscriptione

289 1028 429 1077 evinci,
458 1031 504 1069 ut
529 1027 674 1068 librum
703 1028 752 1069 de
779 1028 861 1069 vita
890 1028 1164 1069 excellentium
1185 1028 1326 1068 ducum
1347 1031 1570 1068 exterarum
1585 1028 1761 1079 gentium
1778 1028 1934 1069 Aemilii
1948 1028 2066 1070 Probi
2088 1040 2175 1070 esse

289 1093 507 1140 credamus,
538 1104 612 1132 nec
640 1104 811 1141 carmen,
841 1093 946 1143 quod
974 1094 1023 1132 ad
1052 1093 1196 1132 calcem
1223 1094 1326 1132 vitae
1355 1093 1586 1132 Hannibalis
1615 1094 1808 1132 adiectum
1837 1097 1897 1133 est
1935 1095 1985 1133 ad
2020 1094 2174 1142 librum,

290 1158 339 1197 de
368 1168 445 1207 quo
474 1156 699 1206 quaerimus
727 1157 951 1206 pertinere3
983 1157 1123 1197 deinde
1142 1157 1183 1197 id
1202 1158 1453 1206 comprobare
1473 1159 1557 1197 ausi
1576 1169 1722 1206 sumus,
1752 1158 2070 1207 compositionem
2083 1158 2175 1198 libri

288 1231 362 1261 nec
390 1220 438 1261 ab
466 1220 690 1261 litterarum
719 1221 872 1269 studiis,
902 1221 1032 1271 qualia
1059 1221 1215 1260 saeculo
1244 1222 1369 1270 primo
1396 1233 1429 1261 a.
1452 1221 1519 1261 Ch.
1538 1222 1833 1270 exercebantur,
1863 1233 1936 1261 nec
1955 1222 2002 1261 ab
2022 1222 2174 1261 ratione

287 1286 492 1324 historiam
519 1285 715 1324 scribendi
743 1285 916 1324 Cornelii
942 1285 1108 1333 Nepotis
1138 1285 1304 1324 alienam
1333 1297 1431 1325 esse.
1489 1286 1598 1324 Haec
1626 1286 1756 1334 habui,
1787 1297 1887 1334 quae
1916 1287 1964 1325 de
1986 1286 2085 1325 libro
2104 1286 2172 1335 qui

287 1348 515 1388 inscribitur
541 1348 624 1388 vita
651 1348 927 1389 excellentium
955 1349 1096 1389 ducum
1125 1352 1348 1389 exterarum
1362 1348 1546 1398 'gentium
1575 1349 1756 1397 dicerem,
1787 1348 2063 1398 disputatione,
2094 1360 2172 1399 qua

288 1414 442 1455 ratione
470 1414 658 1465 loquendi
686 1414 892 1455 Cornelius
920 1414 1054 1464 Nepos
1083 1425 1178 1454 usus
1207 1414 1270 1462 sit,
1299 1414 1340 1453 in
1371 1413 1476 1453 aliud
1504 1417 1658 1464 tempus
1687 1413 1817 1453 dilata.
